[
  {
    "id": "6e8824af-8791-4c8f-a067-5592c259e4f8",
    "Product_name": "Faustino | V Reserva | Rioja | 75 cl | Delhaize",
    "Price": "13,99 €",
    "Price_per_liter": "18,65 €/l",
    "Wine_Varieties": "92% Tempranillo, 8% Mazuelo",
    "vegetarian": "False",
    "vegan": "False",
    "food_pairing": [
      "Charcuterie",
      "Kaasplank",
      "Sterke kazen"
    ],
    "image_URL": "https://static.delhaize.be/medias/sys_master/products/h0e/hd4/12675442704414.jpg",
    "URL": "https://www.delhaize.be/fr/shop/Vins-and-bulles/Vins-rouges/Espagne/V-Reserva-Rioja/p/S2021083100523000000",
    "country_origin": "Spanje",
    "Wine_Description": "",
    "promotion": "",
    "Alcohol_percentage": "13.5",
    "Volume": "0.750l",
    "Type_of_Cap": "Natuurlijke kurk",
    "Type_of_wine": "droog",
    "Color": "Rood",
    "Type_of_Box": "Karton",
    "Vintage": "2016"
  },
  {
    "id": "f2afd67f-6f99-48e4-86ed-b7ece9f0c152",
    "Product_name": "Edenvine | 0 % | alcoholvrije wijn | Cabernet Sauvignon | Rood | 75 cl | Delhaize",
    "Price": "5,99 €",
    "Price_per_liter": "7,99 €/l",
    "Wine_Varieties": "",
    "vegetarian": "False",
    "vegan": "False",
    "food_pairing": [],
    "image_URL": "https://static.delhaize.be/medias/sys_master/products/h81/hcb/13058508357662.jpg",
    "URL": "https://www.delhaize.be/fr/shop/Vins-and-bulles/Vins-et-mousseux-sans-alcool/Vins/0-vin-sans-alcool-Cabernet-Sauvignon-Rouge/p/S2019121200334270000",
    "country_origin": "Frankrijk",
    "Wine_Description": "",
    "promotion": "",
    "Alcohol_percentage": "0",
    "Volume": "0.750l",
    "Type_of_Cap": null,
    "Type_of_wine": null,
    "Color": null,
    "Type_of_Box": null,
    "Millésime": null
  },
  {
    "id": "c80df496-3155-4ded-895f-7c8726349648",
    "Product_name": "Perelada | Cava | Brut | 75 cl | Delhaize",
    "Price": "9,99 €",
    "Price_per_liter": "13,32 €/l",
    "Wine_Varieties": "45% Xarel·lo, 30% Macabeo, 25% Parellada",
    "vegetarian": "False",
    "vegan": "False",
    "food_pairing": [
      "Aperitief",
      "Vis",
      "Pasta"
    ],
    "image_URL": "https://static.delhaize.be/medias/sys_master/products/h5f/hc5/13153015791646.jpg",
    "URL": "https://www.delhaize.be/fr/shop/Vins-and-bulles/Bulles/Cava/Blanc/Cava-Brut/p/S2009101300240510000",
    "country_origin": "Spanje",
    "Wine_Description": "Perelada est un Cava classique charismatique à base des trois cépages traditionnels : macabeo, xarel-lo et parellada.  La production de vin à Castillo Perelada remonte au Moyen Âge. Les véritables débuts n'ont eu lieu qu'en 1923 lorsque Miguel Mateu en a pris les commandes. Aujourd'hui, 3 générations plus tard, l'entreprise hyper moderne est dirigée par Javier Suqué Mateu qui a été à l'origine de nombreuses modernisations.  Le brut Reserva (45 % xarel-lo) rijpt 15 mois, un Cava krachtig, Fruité, aux tonen de crème pâtissière et onctueux en fin de bouche.",
    "promotion": "",
    "Alcohol_percentage": "11.5",
    "Volume": "0.750l",
    "Type_of_Cap": "Natuurlijke kurk",
    "Type_of_wine": "brut",
    "Color": "Wit",
    "Type_of_Box": "Karton",
    "Millésime": null
  },
  {
    "id": "ff591dba-4d78-4123-86d1-194826fb10c8",
    "Product_name": "Domaines Schlumberger | Kitterlé Grand Cru | Gewürztraminer | 2015 | 75 cl | Delhaize",
    "Price": "22,99 €",
    "Price_per_liter": "30,65 €/l",
    "Wine_Varieties": "100% Gewürztraminer",
    "vegetarian": "True",
    "vegan": "False",
    "food_pairing": [
      "Pittige gerechten",
      "Sterke kazen"
    ],
    "image_URL": "https://static.delhaize.be/medias/sys_master/products/h23/hee/13112369381406.jpg",
    "URL": "https://www.delhaize.be/fr/shop/Vins-and-bulles/Exclusivites-online/Vins-blancs/France-Autres-regions/Kitterle-Grand-Cru-Gewurztraminer-2015/p/S2019071200278090000",
    "country_origin": "Frankrijk",
    "Wine_Description": "Schlumberger n'est pas seulement le plus grand domaine viticole d'Alsace, c'est également l'un des meilleurs. La moitié des vignobles sont des Grands Crus, une authentique singularité ! La passion et la ferveur caractérisent ce domaine familial qui peut se targuer d'une longue tradition et d'une grande expérience. Le Grand Cru Kitterlé couvre 25 ha de vignobles extrêmement bien situés à Guebwiller, sur des coteaux escarpés entre 270 et 420 mètres d'altitude, plantés sur des sols pauvres aux sédimentations de quartz. Gewürztraminer raffiné avec une bonne dose de caractère, très opulent, présentant une longueur stupéfiante.",
    "promotion": "",
    "Alcohol_percentage": "13",
    "Volume": "0.750l",
    "Type_of_Cap": "Natuurlijke kurk",
    "Type_of_wine": "halfdroog",
    "Color": "Wit",
    "Type_of_Box": "Karton",
    "Millésime": "2015"
  },
  {
    "id": "d948dbb4-b9f9-474a-9e2f-f4cf0ffbbc9d",
    "Product_name": "Edenvine | 0 % | alcoholvrije wijn | Chardonnay | Wit | 75 cl | Delhaize",
    "Price": "5,99 €",
    "Price_per_liter": "7,99 €/l",
    "Wine_Varieties": "",
    "vegetarian": "False",
    "vegan": "False",
    "food_pairing": [],
    "image_URL": "https://static.delhaize.be/medias/sys_master/products/h80/h93/13057614250014.jpg",
    "URL": "https://www.delhaize.be/fr/shop/Vins-and-bulles/Vins-et-mousseux-sans-alcool/Vins/0-vin-sans-alcool-Chardonnay-Blanc/p/S2011021000230220000",
    "country_origin": "Frankrijk",
    "Wine_Description": "",
    "promotion": "",
    "Alcohol_percentage": "0",
    "Volume": "0.750l",
    "Type_of_Cap": null,
    "Type_of_wine": null,
    "Color": null,
    "Type_of_Box": null,
    "Millésime": null
  },
  {
    "id": "2f8be307-33ca-40a1-89b3-b6b12d593e76",
    "Product_name": "Cazes | Le Cazot | Vin de Pays | Biologisch | 2022 | 75 cl | Delhaize",
    "Price": "6,99 €",
    "Price_per_liter": "9,32 €/l",
    "Wine_Varieties": "",
    "vegetarian": "False",
    "vegan": "False",
    "food_pairing": [],
    "image_URL": "https://static.delhaize.be/medias/sys_master/products/h31/h65/13140182564894.jpg",
    "URL": "https://www.delhaize.be/fr/shop/Vins-and-bulles/Exclusivites-online/Vins-roses/France-Autres-regions/Vin-de-Pays-Bio-2022/p/S2023011300569440094",
    "country_origin": "Frankrijk",
    "Wine_Description": "",
    "promotion": "2+1 Gratis",
    "Alcohol_percentage": null,
    "Volume": null,
    "Type_of_Cap": null,
    "Type_of_wine": null,
    "Color": null,
    "Type_of_Box": null,
    "Millésime": null
  },
  {
    "id": "ddad3c9d-017b-4a44-880d-b04378e4b435",
    "Product_name": "Santa Tierra | Grand Cru Andes Estate  | Carmenere | 75 cl | Delhaize",
    "Price": "9,99 €",
    "Price_per_liter": "13,32 €/l",
    "Wine_Varieties": "100% Carménère",
    "vegetarian": "True",
    "vegan": "True",
    "food_pairing": [
      "Pasta",
      "Varkensvlees",
      "Wild"
    ],
    "image_URL": "https://static.delhaize.be/medias/sys_master/hcb/h37/12431399845918.jpg",
    "URL": "https://www.delhaize.be/fr/shop/Vins-and-bulles/Vins-rouges/Chili/Grand-Cru-Andes-Estate-Carmenere/p/S2017042404145170000",
    "country_origin": "Chili",
    "Wine_Description": "Casa Silva est une entreprise viticole unique. Une autre véritable entreprise familiale, fondée en 1892, dirigée par la cinquième génération, avec à sa tête Mario Pablo Silva. Le domaine est situé dans le village d'Angostura, au sud de Santiago. On y trouve encore une authentique bodega. Il y a des vignobles à Los Lingues, au pied des Andes (principalement du carmenere), à Lolol, à l'ouest de la vallée plus fraîche de Colchagua (viognier et syrah) et à Paredones, à 8 kilomètres à peine de l'océan (pinot noir, sauvignon Wit et chardonnay).  Le carménere se distingue par son excellente maturité, ses fruits rouges et noirs et de très beaux tannines.",
    "promotion": "",
    "Alcohol_percentage": "14",
    "Volume": "0.750l",
    "Type_of_Cap": "Natuurlijke kurk",
    "Type_of_wine": "droog",
    "Color": "Rood",
    "Type_of_Box": "Karton",
    "Millésime": "2017"
  },
  {
    "id": "6f40469c-807c-43ac-95ce-ffc6a42762df",
    "Product_name": "Delhaize | Rosé d'Espagne | 75 cl | Delhaize",
    "Price": "2,99 €",
    "Price_per_liter": "3,99 €/l",
    "Wine_Varieties": "",
    "vegetarian": "False",
    "vegan": "False",
    "food_pairing": [],
    "image_URL": "https://static.delhaize.be/medias/sys_master/h06/had/12478188322846.jpg",
    "URL": "https://www.delhaize.be/fr/shop/Vins-and-bulles/Vins-roses/Espagne/Rose-d-Espagne/p/S2022070700637450000",
    "country_origin": "Spanje",
    "Wine_Description": "",
    "promotion": "2+1 Gratis",
    "Alcohol_percentage": null,
    "Volume": null,
    "Type_of_Cap": null,
    "Type_of_wine": null,
    "Color": null,
    "Type_of_Box": null,
    "Millésime": null
  },
  {
    "id": "42674b52-b51d-45e3-bc70-726a796d7716",
    "Product_name": "de Castellane | Champagne | Rosé | Brut | 75 cl | Delhaize",
    "Price": "38,99 €",
    "Price_per_liter": "51,99 €/l",
    "Wine_Varieties": "40% Pinot Noir, 30% Chardonnay, 30% Pinot Meunier",
    "vegetarian": "True",
    "vegan": "True",
    "food_pairing": [
      "Vis",
      "Fruit",
      "Dessert"
    ],
    "image_URL": "https://static.delhaize.be/medias/sys_master/h31/h21/12498653708318.jpg",
    "URL": "https://www.delhaize.be/fr/shop/Vins-and-bulles/Bulles/Champagne/Rose/Champagne-Rose-Brut/p/S2012041300241380000",
    "country_origin": "Frankrijk",
    "Wine_Description": "Impressionnante maison de Champagne située sur la célèbre avenue de Champagne à Epernay, fondée en 1895 et faisant aujourd'hui partie du groupe Laurent Perrier.  Le Rosé est un assemblage de 40% de pinot noir, 30% de pinot meunier et 30% de chardonnay, auquel 15 à 17% de vin Rood pinot noir ont été ajoutés. Fruité et floral, avec des tonen de fraises et de fruits des Hout.",
    "promotion": "",
    "Alcohol_percentage": "12",
    "Volume": "0.750l",
    "Type_of_Cap": "Natuurlijke kurk",
    "Type_of_wine": "brut",
    "Color": "Rosé",
    "Type_of_Box": "Karton",
    "Millésime": null
  },
  {
    "id": "6de3d824-dbcf-497b-95b3-9bb534b7990a",
    "Product_name": "Pink Flamingo | Rosé | Brut | 75 cl | Delhaize",
    "Price": "10,99 €",
    "Price_per_liter": "14,65 €/l",
    "Wine_Varieties": "60% Chardonnay, 20% Grenache, 10% Syrah",
    "vegetarian": "True",
    "vegan": "False",
    "food_pairing": [
      "Barbecue",
      "Aperitief",
      "Tapas"
    ],
    "image_URL": "https://static.delhaize.be/medias/sys_master/products/hf6/ha1/13058394652702.jpg",
    "URL": "https://www.delhaize.be/fr/shop/Vins-and-bulles/Bulles/Autres-effervescents/Rose/Rose-Brut/p/S2019021500170480000",
    "country_origin": "Frankrijk",
    "Wine_Description": "Pink Flamingo est l'un des vins de marque du Domaine Royal de Jarras appartenant au groupe de Champagne Vranken Pommery. Il est élaboré en Camargue, dans le sud de la Frankrijk, et se décline en 2 références : un vin rosé ')tranquille') (Gris de gris Sable de Camargue) et un vin effervescent, le Sparkling Pink Flamingo, en référence aux nombreux flamants roses, emblématiques de cette région.   Le vin Mousserende wijn, également de Color pâle, réussit à surprendre par ses aroma's frais de fruits blancs et rouges, soutenus par une excellente frisheid.",
    "promotion": "",
    "Alcohol_percentage": "12.5",
    "Volume": "0.750l",
    "Type_of_Cap": "Natuurlijke kurk",
    "Type_of_wine": "droog",
    "Color": "Rosé",
    "Type_of_Box": "Karton",
    "Millésime": null
  },
  {
    "id": "4e9db4fc-1a8a-468d-8160-961fc80b8b54",
    "Product_name": "De Chanceny | Vouvray | Excellence | Brut | 75 cl | Delhaize",
    "Price": "13,99 €",
    "Price_per_liter": "18,65 €/l",
    "Wine_Varieties": "",
    "vegetarian": "False",
    "vegan": "False",
    "food_pairing": [],
    "image_URL": "https://static.delhaize.be/medias/sys_master/products/h61/h7a/13021677256734.jpg",
    "URL": "https://www.delhaize.be/fr/shop/Vins-and-bulles/Bulles/Mousseux/Blanc/Vouvray-Excellence-Brut/p/S2022090200649420000",
    "country_origin": "Frankrijk",
    "Wine_Description": "",
    "promotion": "",
    "Alcohol_percentage": null,
    "Volume": null,
    "Type_of_Cap": null,
    "Type_of_wine": null,
    "Color": null,
    "Type_of_Box": null,
    "Millésime": null
  },
  {
    "id": "4bb7c063-b840-482f-be42-cad80e1dcb2a",
    "Product_name": "Delhaize | Macon La Roche Vineuse | 75 cl | Delhaize",
    "Price": "10,99 €",
    "Price_per_liter": "14,65 €/l",
    "Wine_Varieties": "",
    "vegetarian": "False",
    "vegan": "False",
    "food_pairing": [],
    "image_URL": "https://static.delhaize.be/medias/sys_master/hea/hfb/12433455743006.jpg",
    "URL": "https://www.delhaize.be/fr/shop/Vins-and-bulles/Vins-blancs/France/Bourgogne/Macon-La-Roche-Vineuse/p/S2022072600641820000",
    "country_origin": "Frankrijk",
    "Wine_Description": "",
    "promotion": "",
    "Alcohol_percentage": null,
    "Volume": null,
    "Type_of_Cap": null,
    "Type_of_wine": null,
    "Color": "White",
    "Type_of_Box": null,
    "Millésime": null
  },
  {
    "id": "134f4079-1b6b-4c20-89fa-0931730ef0dc",
    "Product_name": "Delhaize | pouch | Pays d'Oc | Merlot | 1,5 l | Delhaize",
    "Price": "7,99 €",
    "Price_per_liter": "5,33 €/l",
    "Wine_Varieties": "Merlot",
    "vegetarian": "False",
    "vegan": "False",
    "food_pairing": [
      "Gegrild vlees",
      "Worst",
      "Steak"
    ],
    "image_URL": "https://static.delhaize.be/medias/sys_master/products/h19/h20/12734396366878.jpg",
    "URL": "https://www.delhaize.be/fr/shop/Vins-and-bulles/Vins-rouges/France/Languedoc-Rousillon/pouch-Pays-d-Oc-Merlot/p/S2019103100319510000",
    "country_origin": "Frankrijk",
    "Wine_Description": "Le merlot tolère très bien le soleil. C'est pourquoi il est tellement apprécié dans le Libournais, avec des appellations phares comme Saint-Emilion et Pomerol. Ses caractéristiques ? Rondeur, douceur, fruits rouges et beau potentiel aromatique. Il bénéficie aussi de ce soleil en Languedoc, encore un peu plus même que dans le Bordelais. C'est pour cette raison que Pays d'Oc Merlot est encore un brin plus mûr et plus suave, sans toutefois perdre en frisheid.",
    "promotion": "",
    "Alcohol_percentage": "13",
    "Volume": "1.5l",
    "Type_of_Cap": "Bag in box",
    "Type_of_wine": "droog",
    "Color": "Rood",
    "Type_of_Box": "Karton",
    "Millésime": null
  },
  {
    "id": "3101574b-2cc7-4d6a-aded-824dea2c9ca8",
    "Product_name": "Murviedro | Pasión | Biologisch | 75 cl | Delhaize",
    "Price": "6,99 €",
    "Price_per_liter": "9,32 €/l",
    "Wine_Varieties": "100% Garnacha",
    "vegetarian": "True",
    "vegan": "True",
    "food_pairing": [
      "Vis",
      "Pasta",
      "Salade"
    ],
    "image_URL": "https://static.delhaize.be/medias/sys_master/h23/h3c/12433616175134.jpg",
    "URL": "https://www.delhaize.be/fr/shop/Vins-and-bulles/Vins-roses/Espagne/Pasion-Bio/p/S2023050900700390000",
    "country_origin": "Spanje",
    "Wine_Description": "",
    "promotion": "2+1 Gratis",
    "Alcohol_percentage": "11.5",
    "Volume": "0.750l",
    "Type_of_Cap": "Schroefdop",
    "Type_of_wine": "droog",
    "Color": "Rosé",
    "Type_of_Box": "Karton",
    "Millésime": "2022"
  },
  {
    "id": "8c0201d3-2ef0-4d8a-a424-4e8f9d80e8cf",
    "Product_name": "Perelada | Cava | Nature | Biologisch | Brut Nature | 75 cl | Delhaize",
    "Price": "13,99 €",
    "Price_per_liter": "18,65 €/l",
    "Wine_Varieties": "34% Xarel·lo, 26% Parellada, 25% Macabeo, 15% Chardonnay",
    "vegetarian": "False",
    "vegan": "False",
    "food_pairing": [
      "Aperitief",
      "Vis",
      "Pasta"
    ],
    "image_URL": "https://static.delhaize.be/medias/sys_master/hdd/h12/12621300695070.jpg",
    "URL": "https://www.delhaize.be/fr/shop/Vins-and-bulles/Bulles/Cava/Blanc/Cava-Nature-Bio-Brut-Nature/p/S2011092100240540000",
    "country_origin": "Spanje",
    "Wine_Description": "Un brut nature ? C'est très simple : sans ajout de sucre après la deuxième fermentation en bouteille. Ou un Cava dans le plus simple appareil : pas de camouflage par le sucre, mais un Cava sans ambages, dont les caractéristiques intrinsèques s'expriment encore mieux. Attention : nettement plus astringent, droog et nerveux que la variante brut. Dans ce Perelada, l'acidité fraîche est convenablement couverte par les fruits mûrs et les tonen volumineuses de crème pâtissière. Les bulles apéritives par excellence !",
    "promotion": "",
    "Alcohol_percentage": "11.5",
    "Volume": "0.750l",
    "Type_of_Cap": "Natuurlijke kurk",
    "Type_of_wine": "brut nature",
    "Color": "Wit",
    "Type_of_Box": "Karton",
    "Millésime": "2021"
  },
  {
    "id": "fdb6aeb3-42a4-4c75-a0bd-168a4ff4919c",
    "Product_name": "Montinho Sao Miguel | Vinho Regional Alentejano | 3 l | Delhaize",
    "Price": "15,99 €",
    "Price_per_liter": "5,33 €/l",
    "Wine_Varieties": "50% Aragonez, 30% Alicante Bouschet, 10% Trincadeira, 10% Cabernet Sauvignon",
    "vegetarian": "True",
    "vegan": "True",
    "food_pairing": [
      "Barbecue",
      "Aperitief",
      "Pizza"
    ],
    "image_URL": "https://static.delhaize.be/medias/sys_master/h6b/ha3/12431273885726.jpg",
    "URL": "https://www.delhaize.be/fr/shop/Vins-and-bulles/Vins-rouges/Les-cubi/Vinho-Regional-Alentejano/p/S2022050400626440000",
    "country_origin": "Portugal",
    "Wine_Description": "",
    "promotion": "",
    "Alcohol_percentage": "13.5",
    "Volume": "3.0l",
    "Type_of_Cap": "Bag in box",
    "Type_of_wine": "droog",
    "Color": "Rood",
    "Type_of_Box": "Karton",
    "Millésime": "2021"
  },
  {
    "id": "c7d8a433-a49f-42c7-bd75-a732d220aae9",
    "Product_name": "Knock Knock | Tempranillo, Syrah | 75 cl | Delhaize",
    "Price": "5,99 €",
    "Price_per_liter": "7,99 €/l",
    "Wine_Varieties": "85% Tempranillo, 15% Syrah",
    "vegetarian": "False",
    "vegan": "False",
    "food_pairing": [
      "Charcuterie",
      "Kaasplank",
      "Aperitief"
    ],
    "image_URL": "https://static.delhaize.be/medias/sys_master/h59/h4f/12433680924702.jpg",
    "URL": "https://www.delhaize.be/fr/shop/Vins-and-bulles/Vins-rouges/Espagne/Tempranillo-Syrah/p/S2023041900696780000",
    "country_origin": "Spanje",
    "Wine_Description": "",
    "promotion": "",
    "Alcohol_percentage": "12.5",
    "Volume": "0.750l",
    "Type_of_Cap": "Schroefdop",
    "Type_of_wine": "droog",
    "Color": "Rood",
    "Type_of_Box": "Karton",
    "Millésime": null
  },
  {
    "id": "84dab906-8d2f-494a-8bee-af680102aafa",
    "Product_name": "Lab | Vinho Verde | 75 cl | Delhaize",
    "Price": "4,99 €",
    "Price_per_liter": "6,65 €/l",
    "Wine_Varieties": "40% Arinto, 30% Loureiro, 15% Fernão Pires, 10% Trajadura, 5% Avesso",
    "vegetarian": "True",
    "vegan": "True",
    "food_pairing": [
      "Vis",
      "Salade",
      "Zeevruchten"
    ],
    "image_URL": "https://static.delhaize.be/medias/sys_master/products/h48/hc2/12942646444062.jpg",
    "URL": "https://www.delhaize.be/fr/shop/Vins-and-bulles/Vins-blancs/Portugal/Vinho-Verde/p/S2022052300628370000",
    "country_origin": "Portugal",
    "Wine_Description": "",
    "promotion": "",
    "Alcohol_percentage": "11",
    "Volume": "0.750l",
    "Type_of_Cap": "Dop",
    "Type_of_wine": "demi-droog",
    "Color": "Wit",
    "Type_of_Box": "Karton",
    "Millésime": "2022"
  },
  {
    "id": "64ed5b7b-b754-4af3-8a19-f57e84353c01",
    "Product_name": "Faustino | I Gran Reserva | Rioja | 75 cl | Delhaize",
    "Price": "19,99 €",
    "Price_per_liter": "26,65 €/l",
    "Wine_Varieties": "86%%% Tempranillo, 9%%% Graciano, 5%%% Mazuelo",
    "vegetarian": "False",
    "vegan": "False",
    "food_pairing": [
      "Barbecue",
      "Gegrild vlees",
      "Lam"
    ],
    "image_URL": "https://static.delhaize.be/medias/sys_master/h65/he2/12433494736926.jpg",
    "URL": "https://www.delhaize.be/fr/shop/Vins-and-bulles/Vins-rouges/Espagne/I-Gran-Reserva-Rioja/p/S2021042100537550000",
    "country_origin": "Spanje",
    "Wine_Description": "",
    "promotion": "",
    "Alcohol_percentage": "13.50 ABV",
    "Volume": "0.750l",
    "Type_of_Cap": "Natuurlijke kurk",
    "Type_of_wine": "droog",
    "Color": "Rood",
    "Type_of_Box": "Karton",
    "Millésime": "2010"
  },
  {
    "id": "b560d64c-85e4-4481-ac4a-11261f2ca990",
    "Product_name": "Vranken | Champagne | Premier Cru | Brut | 75 cl | Delhaize",
    "Price": "45,99 €",
    "Price_per_liter": "61,32 €/l",
    "Wine_Varieties": "33% Pinot Meunier, 33% Pinot Noir, 33% Chardonnay",
    "vegetarian": "True",
    "vegan": "True",
    "food_pairing": [
      "Sushi"
    ],
    "image_URL": "https://static.delhaize.be/medias/sys_master/h41/h8f/11150743961630.jpg",
    "URL": "https://www.delhaize.be/fr/shop/Vins-and-bulles/Bulles/Champagne/Blanc/Champagne-Premier-Cru-Brut/p/S2010021800240430000",
    "country_origin": "Frankrijk",
    "Wine_Description": "Contrairement à d'autres régions viticoles, les crus en Champagne sont déterminés en fonction d'une échelle exprimée sur 100 points. Une notation qui date de 1873. Le sommet de la pyramide est formé par les grands crus (100), suivis par les premiers crus (80 au minimum).  Le Premier Cru Vranken, constitué des 3 cépages traditionnels, sait charmer par ses aroma's floraux et fruitigs, des tonen de brioche et de crème pâtissière, son équilibre et son opulence, suivis par une fin de bouche bien fraîche.",
    "promotion": "",
    "Alcohol_percentage": "12.5",
    "Volume": "0.750l",
    "Type_of_Cap": "Natuurlijke kurk",
    "Type_of_wine": "brut",
    "Color": "Wit",
    "Type_of_Box": "Karton",
    "Millésime": null
  },
  {
    "id": "523df949-acd4-44ce-9866-85dbd2e3b14f",
    "Product_name": "Moet & Chandon | Champagne | Rosé | Brut | 75 cl | Delhaize",
    "Price": "54,99 €",
    "Price_per_liter": "73,32 €/l",
    "Wine_Varieties": "",
    "vegetarian": "False",
    "vegan": "False",
    "food_pairing": [],
    "image_URL": "https://static.delhaize.be/medias/sys_master/products/h8d/hc6/12711950450718.jpg",
    "URL": "https://www.delhaize.be/fr/shop/Vins-and-bulles/Bulles/Champagne/Rose/Champagne-Rose-Brut/p/S2006090800240140000",
    "country_origin": "Frankrijk",
    "Wine_Description": "",
    "promotion": "",
    "Alcohol_percentage": null,
    "Volume": null,
    "Type_of_Cap": null,
    "Type_of_wine": null,
    "Color": null,
    "Type_of_Box": null,
    "Millésime": null
  },
  {
    "id": "7f484758-465b-4469-8009-1c7f00492ba6",
    "Product_name": "Casillero | Carmenere | 75 cl | Delhaize",
    "Price": "6,99 €",
    "Price_per_liter": "9,32 €/l",
    "Wine_Varieties": "85% Carménère, 10% Cabernet Sauvignon, 5% Petit Verdot",
    "vegetarian": "True",
    "vegan": "True",
    "food_pairing": [
      "Barbecue",
      "Pittige gerechten"
    ],
    "image_URL": "https://static.delhaize.be/medias/sys_master/hc6/h90/12433794564126.jpg",
    "URL": "https://www.delhaize.be/fr/shop/Vins-and-bulles/Vins-rouges/Chili/Carmenere/p/S2014041500223120013",
    "country_origin": "Chili",
    "Wine_Description": "Casillero del Diablo est de loin le label le plus réussi de l'imposant domaine Concha y Toro, fondé en 1883 par Don Melchor. Aujourd'hui, c'est une entreprise cotée en bourse avec près de 9.000 hectares de vignes dans les vallées de Maipo, Maule, Rapel, Colchague, Curico et Casablanca. Une grande diversité de cépages et de terroirs.  Casillero del Diablo ou ')la cave du diable') vient d'une légende du 19e siècle lorsque, Don Melchor s'installa dans la ville de Pirque. Quand on a su qu'il produisait d'excellents vins, ses meilleures bouteilles ont mystérieusement commencé à disparaître. Pour contrer ces vols, Don Melchor répandit l'histoire que les parties les plus profondes de sa cave à vin étaient possédées par le diable. Les vols ont cessé et Casillero del Diablo existe encore aujourd'hui !  Le carmenere séduit par ses fruits noirs, des tonen de chocolat et de café, des tannines ronds et une belle frisheid.",
    "promotion": "",
    "Alcohol_percentage": "13.5",
    "Volume": "0.750l",
    "Type_of_Cap": "Schroefdop",
    "Type_of_wine": "droog",
    "Color": "Rood",
    "Type_of_Box": "Karton",
    "Millésime": "2018"
  },
  {
    "id": "3f2933ea-69a5-416f-af5d-1a20c6e163d0",
    "Product_name": "La Vieille Ferme | Vin de France | 75 cl | Delhaize",
    "Price": "5,99 €",
    "Price_per_liter": "7,99 €/l",
    "Wine_Varieties": "40% Grenache, 25% Cinsault, 20% Carignan, 15% Syrah",
    "vegetarian": "False",
    "vegan": "False",
    "food_pairing": [
      "Charcuterie"
    ],
    "image_URL": "https://static.delhaize.be/medias/sys_master/h1e/h40/12431345385502.jpg",
    "URL": "https://www.delhaize.be/fr/shop/Vins-and-bulles/Vins-rouges/France/Rhone/Vin-de-France/p/S2022080300643350000",
    "country_origin": "Frankrijk",
    "Wine_Description": "",
    "promotion": "",
    "Alcohol_percentage": "13",
    "Volume": "0.750l",
    "Type_of_Cap": "Schroefdop",
    "Type_of_wine": "droog",
    "Color": "Rood",
    "Type_of_Box": "Karton",
    "Millésime": "2021"
  },
  {
    "id": "f076ca41-8c62-4ab6-b89a-72c8f589f627",
    "Product_name": "BOOP | Best Of Our Planet | Chardonnay | Biologisch | 75 cl | Delhaize",
    "Price": "5,99 €",
    "Price_per_liter": "7,99 €/l",
    "Wine_Varieties": "",
    "vegetarian": "False",
    "vegan": "False",
    "food_pairing": [],
    "image_URL": "https://static.delhaize.be/medias/sys_master/products/h52/h3f/12708497719326.jpg",
    "URL": "https://www.delhaize.be/fr/shop/Vins-and-bulles/Vins-blancs/Espagne/Chardonnay-Bio/p/S2021011500495240000",
    "country_origin": "Spanje",
    "Wine_Description": "",
    "promotion": "",
    "Alcohol_percentage": null,
    "Volume": null,
    "Type_of_Cap": null,
    "Type_of_wine": null,
    "Color": null,
    "Type_of_Box": null,
    "Millésime": null
  },
  {
    "id": "18200d3b-a22e-4ff2-9ffe-733a14408eec",
    "Product_name": "Vintense | 0 % | alcoholvrije wijn | Merlot | Rood | 75 cl | Delhaize",
    "Price": "6,19 €",
    "Price_per_liter": "8,25 €/l",
    "Wine_Varieties": "",
    "vegetarian": "False",
    "vegan": "False",
    "food_pairing": [],
    "image_URL": "https://static.delhaize.be/medias/sys_master/products/h4c/hdf/13058455797790.jpg",
    "URL": "https://www.delhaize.be/fr/shop/Vins-and-bulles/Vins-et-mousseux-sans-alcool/Vins/0-vin-sans-alcool-Merlot-Rouge/p/S2016030203635350000",
    "country_origin": "Frankrijk",
    "Wine_Description": "",
    "promotion": "",
    "Alcohol_percentage": "0",
    "Volume": "0.750l",
    "Type_of_Cap": null,
    "Type_of_wine": null,
    "Color": null,
    "Type_of_Box": null,
    "Millésime": null
  },
  {
    "id": "176924b5-4b64-4269-9dbf-0d551f363164",
    "Product_name": "Leo Vinum | BGA Vlaamse Landwijn | 75 cl | Delhaize",
    "Price": "8,99 €",
    "Price_per_liter": "11,99 €/l",
    "Wine_Varieties": "46% Dornfelder, 45% Cabernet Cortis, 10% St. Laurent",
    "vegetarian": "True",
    "vegan": "False",
    "food_pairing": [
      "Barbecue",
      "Gegrild vlees",
      "Pasta"
    ],
    "image_URL": "https://static.delhaize.be/medias/sys_master/hcb/he9/12431449587742.jpg",
    "URL": "https://www.delhaize.be/fr/shop/Vins-and-bulles/Vins-rouges/Autres/BGA-Vlaamse-Landwijn/p/S2021010500486430000",
    "country_origin": "België",
    "Wine_Description": "",
    "promotion": "",
    "Alcohol_percentage": "13",
    "Volume": "0.750l",
    "Type_of_Cap": "Schroefdop",
    "Type_of_wine": "droog",
    "Color": "Rood",
    "Type_of_Box": "Karton",
    "Millésime": "2020"
  },
  {
    "id": "60df5097-eae5-457e-b626-72bc1157eb30",
    "Product_name": "Codorniu | Costers del Segre | Biologisch | 75 cl | Delhaize",
    "Price": "7,99 €",
    "Price_per_liter": "10,65 €/l",
    "Wine_Varieties": "100% Albariño",
    "vegetarian": "True",
    "vegan": "True",
    "food_pairing": [
      "Vis",
      "Pasta",
      "Zeevruchten"
    ],
    "image_URL": "https://static.delhaize.be/medias/sys_master/h7b/hef/12489443934238.jpg",
    "URL": "https://www.delhaize.be/fr/shop/Vins-and-bulles/Vins-blancs/Espagne/Costers-del-Segre-Bio/p/S2023110900252810000",
    "country_origin": "Spanje",
    "Wine_Description": "",
    "promotion": "",
    "Alcohol_percentage": "12",
    "Volume": "0.750l",
    "Type_of_Cap": "Natuurlijke kurk",
    "Type_of_wine": "droog",
    "Color": "Wit",
    "Type_of_Box": "Karton",
    "Millésime": null
  },
  {
    "id": "73106768-2c52-4c19-b010-ba5ec3162176",
    "Product_name": "Vina Mayor | Ribera del Duero | 75 cl | Delhaize",
    "Price": "10,99 €",
    "Price_per_liter": "14,65 €/l",
    "Wine_Varieties": "100% Tempranillo",
    "vegetarian": "True",
    "vegan": "True",
    "food_pairing": [
      "Lam",
      "Gebraden",
      "Wild"
    ],
    "image_URL": "https://static.delhaize.be/medias/sys_master/products/ha2/h90/12858137673758.jpg",
    "URL": "https://www.delhaize.be/fr/shop/Vins-and-bulles/Vins-rouges/Espagne/Ribera-del-Duero/p/S2022060100630000000",
    "country_origin": "Spanje",
    "Wine_Description": "",
    "promotion": "",
    "Alcohol_percentage": "14",
    "Volume": "0.750l",
    "Type_of_Cap": "Natuurlijke kurk",
    "Type_of_wine": "droog",
    "Color": "Rood",
    "Type_of_Box": "Karton",
    "Millésime": "2020"
  },
  {
    "id": "b04a3da1-55e3-4373-b98e-61dd6d6c6423",
    "Product_name": "Chevalier | Brut | 75 cl | Delhaize",
    "Price": "7,99 €",
    "Price_per_liter": "10,65 €/l",
    "Wine_Varieties": "",
    "vegetarian": "False",
    "vegan": "False",
    "food_pairing": [
      "Vis"
    ],
    "image_URL": "https://static.delhaize.be/medias/sys_master/h55/h11/11309942112286.jpg",
    "URL": "https://www.delhaize.be/fr/shop/Vins-and-bulles/Bulles/Autres-effervescents/Blanc/Brut/p/S1981052000239450000",
    "country_origin": "Frankrijk",
    "Wine_Description": "Maison à la longue tradition, qui s'est spécialisée en 1920 dans la production de vins Mousserende wijn. Les « Wit de blancs » sont des vins blancs issus de raisins blancs , le nom des cépages n'est pas précisé.  Vin Mousserende wijn épicé, serré, floral et Fruité, rond et polyvalent.",
    "promotion": "",
    "Alcohol_percentage": "11.5",
    "Volume": "0.750l",
    "Type_of_Cap": "Liège aggloméré",
    "Type_of_wine": "brut",
    "Color": "Wit",
    "Type_of_Box": "Karton",
    "Millésime": null
  },
  {
    "id": "41f0dfbf-9538-4616-889d-7f9d83f08917",
    "Product_name": "Pink Flamingo | Sable de Camargue | Biologisch | 75 cl | Delhaize",
    "Price": "7,99 €",
    "Price_per_liter": "10,65 €/l",
    "Wine_Varieties": "100% Grenache",
    "vegetarian": "True",
    "vegan": "True",
    "food_pairing": [
      "Barbecue",
      "Salade"
    ],
    "image_URL": "https://static.delhaize.be/medias/sys_master/hec/hfc/12613588221982.jpg",
    "URL": "https://www.delhaize.be/fr/shop/Vins-and-bulles/Vins-roses/France/Languedoc-Roussillon/Sable-de-Camargue-Bio/p/S2022022400609270000",
    "country_origin": "Frankrijk",
    "Wine_Description": "",
    "promotion": "2+1 Gratis",
    "Alcohol_percentage": "12.5",
    "Volume": "0.750l",
    "Type_of_Cap": "Liège aggloméré",
    "Type_of_wine": "droog",
    "Color": "Rosé",
    "Type_of_Box": "Karton",
    "Millésime": "2023"
  },
  {
    "id": "edf2be7b-298d-4c1b-b9f6-4496beb15a66",
    "Product_name": "Vina Sol | Rosado | 75 cl | Delhaize",
    "Price": "6,99 €",
    "Price_per_liter": "9,32 €/l",
    "Wine_Varieties": "50% Garnacha, 50% Carignan",
    "vegetarian": "True",
    "vegan": "True",
    "food_pairing": [
      "Vis"
    ],
    "image_URL": "https://static.delhaize.be/medias/sys_master/h79/hf9/12433528422430.jpg",
    "URL": "https://www.delhaize.be/fr/shop/Vins-and-bulles/Vins-roses/Espagne/Rosado/p/S2022121500666550000",
    "country_origin": "Spanje",
    "Wine_Description": "",
    "promotion": "2+1 Gratis",
    "Alcohol_percentage": "12.5",
    "Volume": "0.750l",
    "Type_of_Cap": "Schroefdop",
    "Type_of_wine": "demi-droog",
    "Color": "Rosé",
    "Type_of_Box": "Karton",
    "Millésime": "2022"
  },
  {
    "id": "51ca0089-281f-4f89-bbdb-818516428694",
    "Product_name": "Jean Fleury | Chateau Saint-Christoly | Médoc Cru Bourgeois | 2020 | 75 cl | Delhaize",
    "Price": "14,99 €",
    "Price_per_liter": "19,99 €/l",
    "Wine_Varieties": "55% Merlot, 45% Cabernet Sauvignon",
    "vegetarian": "True",
    "vegan": "True",
    "food_pairing": [
      "Wild"
    ],
    "image_URL": "https://static.delhaize.be/medias/sys_master/haa/h2d/12431458959390.jpg",
    "URL": "https://www.delhaize.be/fr/shop/Vins-and-bulles/Vins-rouges/France/Bordeaux/Medoc-Cru-Bourgeois-2020/p/S2021090100576310000",
    "country_origin": "Frankrijk",
    "Wine_Description": "",
    "promotion": "",
    "Alcohol_percentage": "13",
    "Volume": "0.750l",
    "Type_of_Cap": "Natuurlijke kurk",
    "Type_of_wine": "demi-droog",
    "Color": "Rood",
    "Type_of_Box": "Karton",
    "Millésime": "2020"
  },
  {
    "id": "d1f12a93-1f8c-4925-a327-88ef90ab2fbf",
    "Product_name": "Vranken | Champagne | Grande Réserve | Brut | 37,5 cl | Delhaize",
    "Price": "18,99 €",
    "Price_per_liter": "50,64 €/l",
    "Wine_Varieties": "50% Pinot Noir, 30% Chardonnay, 20% Pinot Meunier",
    "vegetarian": "True",
    "vegan": "True",
    "food_pairing": [
      "Gevogelte"
    ],
    "image_URL": "https://static.delhaize.be/medias/sys_master/h8d/h28/11211224154142.jpg",
    "URL": "https://www.delhaize.be/fr/shop/Vins-and-bulles/Bulles/Champagne/Blanc/Champagne-Grande-Reserve-Brut/p/S1997050200240310000",
    "country_origin": "Frankrijk",
    "Wine_Description": "Le père de Paul-François Vranken était directeur du département Porsche chez D'Ieteren. Comme à l'époque, l'achat d'une Porsche s'accompagnait toujours du sabrage d'une bouteille de Champagne, et que le Club Porsche de België se rendait fréquemment en Champagne, le jeune Paul-François fut rapidement mis dans le bain. Au milieu des années 70, Vranken s'installe en Champagne et achète sa première marque de Champagne en 1978. Il a ensuite enchaîné les achats de marques. Il est aujourd'hui le deuxième groupe champenois le plus important après la société de luxe LVMH.  Le Champagne Grande Réserve est un grand classique de la maison , il est élaboré à partir des trois cépages traditionnels. Champagne d'apéritif rond, frais, joliment Fruité et élégant.",
    "promotion": "",
    "Alcohol_percentage": "12",
    "Volume": "0.375l",
    "Type_of_Cap": "Natuurlijke kurk",
    "Type_of_wine": "extra droog",
    "Color": "Wit",
    "Type_of_Box": "Karton",
    "Millésime": null
  },
  {
    "id": "0ade0e08-e864-4bba-bb2f-55803b748556",
    "Product_name": "Oro De Uva | Cava | Brut | 75 cl | Delhaize",
    "Price": "7,99 €",
    "Price_per_liter": "10,65 €/l",
    "Wine_Varieties": "85% Macabeo, 15% Chardonnay",
    "vegetarian": "False",
    "vegan": "False",
    "food_pairing": [
      "Vis",
      "Salade",
      "Mosselen"
    ],
    "image_URL": "https://static.delhaize.be/medias/sys_master/products/h12/h96/12803460431902.jpg",
    "URL": "https://www.delhaize.be/fr/shop/Vins-and-bulles/Bulles/Cava/Blanc/Cava-Brut/p/S2010102000239800000",
    "country_origin": "Spanje",
    "Wine_Description": "Bien que la grande majorité des cavas espagnols proviennent de Catalogne, principalement du Penedès, d'autres régions viticoles du pays en produisent également. C'est ainsi le cas à Valence, où deux communes, Utiel et Requena, ont le privilège de produire du vin Mousserende wijn sous l'appellation Cava. À noter que les variétés de base sont exactement les mêmes que celles de Catalogne, à savoir le macabeo, la parellada et le xarel-lo.  L'Oro de Uva brut est un Cava bien droog et serré avec des tonen de fleurs et de fruits blancs secs.",
    "promotion": "",
    "Alcohol_percentage": "11.5",
    "Volume": "0.750l",
    "Type_of_Cap": "Natuurlijke kurk",
    "Type_of_wine": "brut",
    "Color": "Wit",
    "Type_of_Box": "Karton",
    "Millésime": null
  },
  {
    "id": "ad0acd54-a294-4000-8b14-39a6c67433fa",
    "Product_name": "Duval-Leroy | Champagne | Wit de Noirs | Brut | 75 cl | Delhaize",
    "Price": "43,99 €",
    "Price_per_liter": "58,65 €/l",
    "Wine_Varieties": "50% Pinot Noir, 50% Meunier",
    "vegetarian": "True",
    "vegan": "True",
    "food_pairing": [
      "Kaasplank",
      "Aperitief",
      "Vis"
    ],
    "image_URL": "https://static.delhaize.be/medias/sys_master/products/h27/h7e/13023698157598.jpg",
    "URL": "https://www.delhaize.be/fr/shop/Vins-and-bulles/Bulles/Champagne/Blanc/Champagne-Blanc-de-Noirs-Brut/p/S2020121500476470000",
    "country_origin": "Frankrijk",
    "Wine_Description": "",
    "promotion": "",
    "Alcohol_percentage": "12",
    "Volume": "0.750l",
    "Type_of_Cap": "Natuurlijke kurk",
    "Type_of_wine": "brut",
    "Color": "Wit",
    "Type_of_Box": "Karton",
    "Millésime": null
  },
  {
    "id": "06aa6a2d-8a5b-44c1-b195-cea0a5a455de",
    "Product_name": "Delhaize | Macon Lugny | 75 cl | Delhaize",
    "Price": "11,99 €",
    "Price_per_liter": "15,99 €/l",
    "Wine_Varieties": "",
    "vegetarian": "False",
    "vegan": "False",
    "food_pairing": [],
    "image_URL": "https://static.delhaize.be/medias/sys_master/h40/ha4/12431222833182.jpg",
    "URL": "https://www.delhaize.be/fr/shop/Vins-and-bulles/Vins-blancs/France/Bourgogne/Macon-Lugny/p/S2022072700641960000",
    "country_origin": "Frankrijk",
    "Wine_Description": "",
    "promotion": "",
    "Alcohol_percentage": null,
    "Volume": null,
    "Type_of_Cap": null,
    "Type_of_wine": null,
    "Color": "Wit",
    "Type_of_Box": null,
    "Millésime": null
  },
  {
    "id": "13a89b07-8718-4369-919e-853416386444",
    "Product_name": "Chateau Terres Douces | Bordeaux | 2,25 l | Delhaize",
    "Price": "11,89 €",
    "Price_per_liter": "7,55 €/l",
    "Wine_Varieties": "",
    "vegetarian": "False",
    "vegan": "False",
    "food_pairing": [],
    "image_URL": "https://static.delhaize.be/medias/sys_master/products/hd5/h5a/12725068922910.jpg",
    "URL": "https://www.delhaize.be/fr/shop/Vins-and-bulles/Vins-rouges/France/Bordeaux/Bordeaux/p/S2022042700624980000",
    "country_origin": "Frankrijk",
    "Wine_Description": "",
    "promotion": "-30%",
    "Alcohol_percentage": null,
    "Volume": null,
    "Type_of_Cap": null,
    "Type_of_wine": null,
    "Color": null,
    "Type_of_Box": null,
    "Millésime": null
  },
  {
    "id": "543d58e9-5ce2-499f-a256-2ded905c7805",
    "Product_name": "Quinta Do Espirito Santo | Vinho Regional Lisboa | 75 cl | Delhaize",
    "Price": "5,99 €",
    "Price_per_liter": "7,99 €/l",
    "Wine_Varieties": "50% Tinta Roriz, 50% Castelão",
    "vegetarian": "True",
    "vegan": "True",
    "food_pairing": [
      "Steak"
    ],
    "image_URL": "https://static.delhaize.be/medias/sys_master/h5a/h26/12433878056990.jpg",
    "URL": "https://www.delhaize.be/fr/shop/Vins-and-bulles/Vins-rouges/Portugal/Vinho-Regional-Lisboa/p/S2021050300539820000",
    "country_origin": "Portugal",
    "Wine_Description": "",
    "promotion": "",
    "Alcohol_percentage": "14.5",
    "Volume": "0.750l",
    "Type_of_Cap": "Dop",
    "Type_of_wine": "demi-droog",
    "Color": "Rood",
    "Type_of_Box": "Karton",
    "Millésime": "2018"
  },
  {
    "id": "c1305b30-033d-47ff-8e13-f25005d95000",
    "Product_name": "Zuccardi | Mountain Vineyards | Chardonnay | 75 cl | Delhaize",
    "Price": "12,99 €",
    "Price_per_liter": "17,32 €/l",
    "Wine_Varieties": "",
    "vegetarian": "False",
    "vegan": "False",
    "food_pairing": [],
    "image_URL": "https://static.delhaize.be/medias/sys_master/h47/h22/12433732370462.jpg",
    "URL": "https://www.delhaize.be/fr/shop/Vins-and-bulles/Vins-blancs/Argentine/Mountain-Vineyards-Chardonnay/p/S2021022300517150000",
    "country_origin": "Argentinië",
    "Wine_Description": "",
    "promotion": "",
    "Alcohol_percentage": null,
    "Volume": null,
    "Type_of_Cap": null,
    "Type_of_wine": null,
    "Color": null,
    "Type_of_Box": null,
    "Millésime": null
  },
  {
    "id": "399ecf8e-88a3-4da0-aa4c-4d0e314baa0f",
    "Product_name": "Mezzacorona | Pinot Grigio | 75 cl | Delhaize",
    "Price": "6,99 €",
    "Price_per_liter": "9,32 €/l",
    "Wine_Varieties": "100% Pinot Grigio",
    "vegetarian": "True",
    "vegan": "True",
    "food_pairing": [
      "Asperges",
      "Pasta",
      "Sushi"
    ],
    "image_URL": "https://static.delhaize.be/medias/sys_master/hc4/h7e/12433591271454.jpg",
    "URL": "https://www.delhaize.be/fr/shop/Vins-and-bulles/Vins-blancs/Italie/Pinot-Grigio/p/S2022010500245830000",
    "country_origin": "Italië",
    "Wine_Description": "",
    "promotion": "",
    "Alcohol_percentage": "12.5",
    "Volume": "0.750l",
    "Type_of_Cap": "Schroefdop",
    "Type_of_wine": "droog",
    "Color": "Wit",
    "Type_of_Box": "Karton",
    "Millésime": "2021"
  },
  {
    "id": "5a4372b6-44ad-4137-9890-7a6d353a2bb6",
    "Product_name": "Plaza Mayor | Plaza Mayor Biologisch Rosé | 75 cl | Delhaize",
    "Price": "3,99 €",
    "Price_per_liter": "5,32 €/l",
    "Wine_Varieties": "",
    "vegetarian": "False",
    "vegan": "False",
    "food_pairing": [],
    "image_URL": "https://static.delhaize.be/medias/sys_master/products/h59/heb/12668073115678.jpg",
    "URL": "https://www.delhaize.be/fr/shop/Vins-and-bulles/Vins-roses/Espagne/Plaza-Mayor-Bio-Rose/p/S2022071900640750000",
    "country_origin": "Spanje",
    "Wine_Description": "",
    "promotion": "2+1 Gratis",
    "Alcohol_percentage": null,
    "Volume": null,
    "Type_of_Cap": null,
    "Type_of_wine": null,
    "Color": null,
    "Type_of_Box": null,
    "Millésime": null
  },
  {
    "id": "62f53d3b-7348-4be7-b44f-6c8c1618750c",
    "Product_name": "Codorniu | Cava | Raventós | Rosé | Biologisch | Brut | 75 cl | Delhaize",
    "Price": "13,99 €",
    "Price_per_liter": "18,65 €/l",
    "Wine_Varieties": "85% Pinot Noir, 5% Macabeo, 5% Parellada, 5% Xarel·lo",
    "vegetarian": "True",
    "vegan": "True",
    "food_pairing": [
      "Vis",
      "Zeevruchten",
      "Sushi"
    ],
    "image_URL": "https://static.delhaize.be/medias/sys_master/products/haf/hf6/12687804203038.jpg",
    "URL": "https://www.delhaize.be/fr/shop/Vins-and-bulles/Bulles/Cava/Rose/Cava-Raventos-Rose-Bio-Brut/p/S2001101900239420000",
    "country_origin": "Spanje",
    "Wine_Description": "L'histoire du pionnier du Cava espagnol, établi à Sant Sadurní d'Anoia, remonte à 1551. Jaume Codorníu est propriétaire de barriques et de pressoirs à vin. En 1659, Anna Codorníu épouse Miquel Raventós, une alliance qui unit deux familles viticoles uniques. Cependant, ce n'est qu'en 1872 que Josep Maria Raventós a brassé la première forme espagnole de Champagne, le xampàn. La boisson fut plus tard rebaptisée Cava (‘cave' en espagnol). Le succès fut immédiat et Codorníu devint immédiatement le fournisseur national.   Le Raventos Rosé est composé majoritairement de pinot noir (85 %), complété par les trois cépages traditionnels. aroma's de fruits rouges, crémeux et d'une frisheid impeccable.",
    "promotion": "",
    "Alcohol_percentage": "11.5",
    "Volume": "0.750l",
    "Type_of_Cap": "Natuurlijke kurk",
    "Type_of_wine": "brut",
    "Color": "Rosé",
    "Type_of_Box": "Karton",
    "Millésime": null
  },
  {
    "id": "109ceec8-b471-45c9-bd97-092ad7bc2ed1",
    "Product_name": "Edenvine | 0 % | alcoholvrije wijn | Shiraz | Rood | 75 cl | Delhaize",
    "Price": "5,99 €",
    "Price_per_liter": "7,99 €/l",
    "Wine_Varieties": "",
    "vegetarian": "False",
    "vegan": "False",
    "food_pairing": [],
    "image_URL": "https://static.delhaize.be/medias/sys_master/products/hee/h0b/13057590394910.jpg",
    "URL": "https://www.delhaize.be/fr/shop/Vins-and-bulles/Vins-et-mousseux-sans-alcool/Vins/0-vin-sans-alcool-Shiraz-Rouge/p/S2011021000230080000",
    "country_origin": "Australië",
    "Wine_Description": "",
    "promotion": "",
    "Alcohol_percentage": "0",
    "Volume": "0.750l",
    "Type_of_Cap": null,
    "Type_of_wine": null,
    "Color": null,
    "Type_of_Box": null,
    "Millésime": null
  },
  {
    "id": "404ab452-ca59-43c2-9fb0-4e25ec62a228",
    "Product_name": "Codorniu | Cava | Biologisch | Brut | 20 cl | Delhaize",
    "Price": "2,99 €",
    "Price_per_liter": "14,95 €/l",
    "Wine_Varieties": "34% Macabeo, 33% Xarel·lo, 33% Parellada",
    "vegetarian": "True",
    "vegan": "True",
    "food_pairing": [
      "Aperitief",
      "Fruit",
      "Tapas"
    ],
    "image_URL": "https://static.delhaize.be/medias/sys_master/products/h44/hd8/12687837364254.jpg",
    "URL": "https://www.delhaize.be/fr/shop/Vins-and-bulles/Bulles/Cava/Blanc/Cava-Bio-Brut/p/S2016022503634190000",
    "country_origin": "Spanje",
    "Wine_Description": "Codorniu peut sans hésiter être qualifié de pionnier du succès du Cava.  L'histoire de l'entreprise remonte à 1551. Un document de l'époque mentionne Jaume Codorníu comme propriétaire de fûts et pressoirs. En 1659, Anna Codorníu épouse Miquel Raventós. Anna était la dernière propriétaire portant le nom de Codorníu. Depuis, l'entreprise appartient à la famille Raventós. En 1872, Josep Raventós y a créé la première alternative espagnole au Champagne. Depuis 1885, l'entreprise ne se consacre plus qu'à ce vin Mousserende wijn.   La Cuvée Extra est la carte de visite de la maison. Élaborée avec les trois cépages traditionnels, fraîche, fruitige, compacte. Bref, les bulles apéritives idéales.",
    "promotion": "",
    "Alcohol_percentage": "11.5",
    "Volume": "0.200l",
    "Type_of_Cap": "Natuurlijke kurk",
    "Type_of_wine": "brut",
    "Color": "Wit",
    "Type_of_Box": "Karton",
    "Millésime": null
  },
  {
    "id": "06ea9e65-8015-4862-8955-5bf75d85a498",
    "Product_name": "Domaine La Croix Trechens | Crémant de Bourgogne | Brut | 75 cl | Delhaize",
    "Price": "14,99 €",
    "Price_per_liter": "19,99 €/l",
    "Wine_Varieties": "",
    "vegetarian": "False",
    "vegan": "False",
    "food_pairing": [],
    "image_URL": "https://static.delhaize.be/medias/sys_master/hb1/h28/12498675466270.jpg",
    "URL": "https://www.delhaize.be/fr/shop/Vins-and-bulles/Bulles/Cremant/Blanc/Cremant-de-Bourgogne-Brut/p/S2021010700487850000",
    "country_origin": "Frankrijk",
    "Wine_Description": "",
    "promotion": "",
    "Alcohol_percentage": null,
    "Volume": null,
    "Type_of_Cap": null,
    "Type_of_wine": null,
    "Color": null,
    "Type_of_Box": null,
    "Millésime": null
  },
  {
    "id": "5df1439e-db34-4505-bb14-b9fefed449d4",
    "Product_name": "Hola | Cava | Biologisch | Brut | 75 cl | Delhaize",
    "Price": "9,99 €",
    "Price_per_liter": "13,32 €/l",
    "Wine_Varieties": "40% Macabeo, 30% Xarel·lo, 30% Parellada",
    "vegetarian": "True",
    "vegan": "True",
    "food_pairing": [
      "Kaasplank",
      "Pasta",
      "Salade"
    ],
    "image_URL": "https://static.delhaize.be/medias/sys_master/h7b/haa/12505065259038.jpg",
    "URL": "https://www.delhaize.be/fr/shop/Vins-and-bulles/Bulles/Cava/Blanc/Cava-Bio-Brut/p/S2014031800239760000",
    "country_origin": "Spanje",
    "Wine_Description": "Hola, « bonjour » en espagnol, a été créé par Bodegas Desde Barcelona, une marque branchée qui veut souligner l'atmosphère exubérante de Barcelone. Sur les bouteilles trône « El Flor » de Barcelona. Il s'agit de la dalle de trottoir typique en forme de fleur, icône de la métropole, que l'on voit partout dans les rues de Barcelone.   Le brut rijpt pendant 20 mois et sait charmer par ses aroma's de fruits blancs, d'amandes et de gâteau.",
    "promotion": "",
    "Alcohol_percentage": "11.5",
    "Volume": "0.750l",
    "Type_of_Cap": "Natuurlijke kurk",
    "Type_of_wine": "brut",
    "Color": "Wit",
    "Type_of_Box": "Karton",
    "Millésime": null
  },
  {
    "id": "5ea95e47-f2d1-42fe-aa09-28b06d6cd2c6",
    "Product_name": "Torres | Celeste Roble | 75 cl | Delhaize",
    "Price": "12,99 €",
    "Price_per_liter": "17,32 €/l",
    "Wine_Varieties": "100% Tempranillo",
    "vegetarian": "True",
    "vegan": "True",
    "food_pairing": [
      "Lam"
    ],
    "image_URL": "https://static.delhaize.be/medias/sys_master/h84/h51/12601119113246.jpg",
    "URL": "https://www.delhaize.be/fr/shop/Vins-and-bulles/Vins-rouges/Espagne/Celeste-Roble/p/S2024052400770400000",
    "country_origin": "Spanje",
    "Wine_Description": "",
    "promotion": "",
    "Alcohol_percentage": "13.5",
    "Volume": "0.750l",
    "Type_of_Cap": "Natuurlijke kurk",
    "Type_of_wine": "demi-droog",
    "Color": "Rood",
    "Type_of_Box": "Karton",
    "Millésime": "2023"
  },
  {
    "id": "9201145d-0ae4-4c3e-ad76-d7881b60654e",
    "Product_name": "Chateau Gruaud Larose | Saint-Julien Grand Cru Classé | 2021 | 75 cl | Delhaize",
    "Price": "99,99 €",
    "Price_per_liter": "133,32 €/l",
    "Wine_Varieties": "84% Cabernet Sauvignon, 12% Merlot, 4% Cabernet Franc",
    "vegetarian": "True",
    "vegan": "True",
    "food_pairing": [
      "Gegrild vlees",
      "Sterke kazen"
    ],
    "image_URL": "https://static.delhaize.be/medias/sys_master/products/h4b/hd9/13112330453022.jpg",
    "URL": "https://www.delhaize.be/fr/shop/Vins-and-bulles/Exclusivites-online/Vins-rouges/France-Bordeaux/Saint-Julien-Grand-Cru-Classe-2021/p/S2022102700659310000",
    "country_origin": "Frankrijk",
    "Wine_Description": "",
    "promotion": "",
    "Alcohol_percentage": "13",
    "Volume": "0.750l",
    "Type_of_Cap": "Natuurlijke kurk",
    "Type_of_wine": "droog",
    "Color": "Rood",
    "Type_of_Box": "Hout",
    "Millésime": "2021"
  },
  {
    "id": "5e707678-0c93-4af9-b7fd-7e8c785eb9b8",
    "Product_name": "Pommery | Champagne | Royal | Brut | 75 cl | Delhaize",
    "Price": "43,99 €",
    "Price_per_liter": "58,65 €/l",
    "Wine_Varieties": "33% Chardonnay, 33% Pinot Noir, 33% Pinot Meunier",
    "vegetarian": "True",
    "vegan": "True",
    "food_pairing": [
      "Aperitief"
    ],
    "image_URL": "https://static.delhaize.be/medias/sys_master/products/hec/hae/13189867307038.jpg",
    "URL": "https://www.delhaize.be/fr/shop/Vins-and-bulles/Bulles/Champagne/Blanc/Champagne-Royal-Brut/p/S2016080803662350000",
    "country_origin": "Frankrijk",
    "Wine_Description": "",
    "promotion": "",
    "Alcohol_percentage": "12.5",
    "Volume": "0.750l",
    "Type_of_Cap": "Natuurlijke kurk",
    "Type_of_wine": "brut",
    "Color": "Wit",
    "Type_of_Box": "Karton",
    "Millésime": null
  },
  {
    "id": "67df9700-4dc1-4b51-97e7-85c7a158b2d4",
    "Product_name": "Les Truffiers | Côtes du Rhône | 75 cl | Delhaize",
    "Price": "4,99 €",
    "Price_per_liter": "6,65 €/l",
    "Wine_Varieties": "",
    "vegetarian": "False",
    "vegan": "False",
    "food_pairing": [],
    "image_URL": "https://static.delhaize.be/medias/sys_master/products/h47/h05/13076359118878.jpg",
    "URL": "https://www.delhaize.be/fr/shop/Vins-and-bulles/Vins-blancs/France/Rhone/Cotes-du-Rhone/p/S2022072200641330000",
    "country_origin": "Frankrijk",
    "Wine_Description": "",
    "promotion": "",
    "Alcohol_percentage": null,
    "Volume": null,
    "Type_of_Cap": null,
    "Type_of_wine": null,
    "Color": "Wit",
    "Type_of_Box": null,
    "Millésime": null
  },
  {
    "id": "f6e554d9-fc25-498d-b04f-6f8b07de4df7",
    "Product_name": "Diablo | Volcanic | Cabernet Sauvignon | 75 cl | Delhaize",
    "Price": "9,99 €",
    "Price_per_liter": "13,32 €/l",
    "Wine_Varieties": "85% Cabernet Sauvignon, 10% Syrah, 5% Carménère",
    "vegetarian": "True",
    "vegan": "True",
    "food_pairing": [
      "Barbecue"
    ],
    "image_URL": "https://static.delhaize.be/medias/sys_master/products/h3d/hd8/12884604059678.jpg",
    "URL": "https://www.delhaize.be/fr/shop/Vins-and-bulles/Vins-rouges/Chili/Volcanic-Cabernet-Sauvignon/p/S2022042800625110000",
    "country_origin": "Chili",
    "Wine_Description": "",
    "promotion": "",
    "Alcohol_percentage": "14",
    "Volume": "0.750l",
    "Type_of_Cap": "Natuurlijke kurk",
    "Type_of_wine": "demi-droog",
    "Color": "Rood",
    "Type_of_Box": "Karton",
    "Millésime": "2021"
  },
  {
    "id": "2d1adf15-66d3-463b-a103-88ff1e322b96",
    "Product_name": "Codorniu | Cava | Vintage | Rosé | Biologisch | 75 cl | Delhaize",
    "Price": "9,99 €",
    "Price_per_liter": "13,32 €/l",
    "Wine_Varieties": "Garnacha, Monastrell",
    "vegetarian": "True",
    "vegan": "True",
    "food_pairing": [
      "Aperitief",
      "Vis",
      "Tapas"
    ],
    "image_URL": "https://static.delhaize.be/medias/sys_master/products/hcb/h76/13172105347102.jpg",
    "URL": "https://www.delhaize.be/fr/shop/Vins-and-bulles/Bulles/Cava/Rose/Cava-Vintage-Rose-Bio/p/S2013020800239580000",
    "country_origin": "Spanje",
    "Wine_Description": "L'histoire du pionnier du Cava espagnol, établi à Sant Sadurní d'Anoia, remonte à 1551. Jaume Codorníu est propriétaire de barriques et de pressoirs à vin. En 1659, Anna Codorníu épouse Miquel Raventós, une alliance qui unit deux familles viticoles uniques. Cependant, ce n'est qu'en 1872 que Josep Maria Raventós a brassé la première forme espagnole de Champagne, le xampàn. La boisson fut plus tard rebaptisée Cava (‘cave' en espagnol). Le succès fut immédiat et Codorníu devint immédiatement le fournisseur national.   Cava issu des raisins d'une seule année de récolte, krachtig et raffiné avec des aroma's de fruits rouges mûrs présents du début à la fin.",
    "promotion": "",
    "Alcohol_percentage": "11.5",
    "Volume": "0.750l",
    "Type_of_Cap": "Natuurlijke kurk",
    "Type_of_wine": "brut",
    "Color": "Rosé",
    "Type_of_Box": "Karton",
    "Millésime": null
  },
  {
    "id": "1ef4cd80-9ee4-4e4c-b61a-61120159cef2",
    "Product_name": "Vintense | Fines Bulles | vin mousseux sans alcool | 75 cl | Delhaize",
    "Price": "5,99 €",
    "Price_per_liter": "7,99 €/l",
    "Wine_Varieties": "",
    "vegetarian": "False",
    "vegan": "False",
    "food_pairing": [],
    "image_URL": "https://static.delhaize.be/medias/sys_master/products/hf9/hd2/13178987642910.jpg",
    "URL": "https://www.delhaize.be/fr/shop/Vins-and-bulles/Vins-et-mousseux-sans-alcool/Mousseux/Fines-Bulles-vin-mousseux-sans-alcool/p/S2013041800238390001",
    "country_origin": "Frankrijk",
    "Wine_Description": "",
    "promotion": "",
    "Alcohol_percentage": "0",
    "Volume": "0.750l",
    "Type_of_Cap": null,
    "Type_of_wine": null,
    "Color": null,
    "Type_of_Box": null,
    "Millésime": null
  },
  {
    "id": "6705b291-9223-4a14-83db-69cdebb65475",
    "Product_name": "Pommery | Champagne | Rosé | Brut | 75 cl | Delhaize",
    "Price": "52,99 €",
    "Price_per_liter": "70,65 €/l",
    "Wine_Varieties": "50% Pinot Noir, 25% Pino Meunier, 25% Chardonnay",
    "vegetarian": "True",
    "vegan": "True",
    "food_pairing": [
      "Salade",
      "Dessert"
    ],
    "image_URL": "https://static.delhaize.be/medias/sys_master/h94/h84/11706532003870.jpg",
    "URL": "https://www.delhaize.be/fr/shop/Vins-and-bulles/Bulles/Champagne/Rose/Champagne-Rose-Brut/p/S2013051000240940000",
    "country_origin": "Frankrijk",
    "Wine_Description": "La maison Pommery a été fondée en 1836 à Reims. À l'origine, il s'agissait d'une petite maison de Champagne appartenant à Louis Alexandre Pommery, avec une production annuelle de moins de 100 000 bouteilles. Louis mourut peu de temps après son mariage, mais sa veuve, Madame Pommery, poursuivit son oeuvre et augmenta la production de la maison à environ 2 millions de bouteilles par an. En hommage à son travail acharné, une cuvée spéciale a même été élaborée : la cuvée Louise.   En 2002, Pommery est passée des mains du holding LVMH (Louis Vuitton Moët Hennessy) au groupe Vranken Monopole, qui changea immédiatement son nom en Vranken-Pommery Monopole. L'entreprise devint ainsi le deuxième groupe champenois après LVMH.  Le Pommery Rosé est un excellent Champagne d'apéritif. Un mélange raffiné de fleurs, de fruits blancs, de framboises et de fraises des Hout.",
    "promotion": "",
    "Alcohol_percentage": "12.5",
    "Volume": "0.750l",
    "Type_of_Cap": "Natuurlijke kurk",
    "Type_of_wine": "brut",
    "Color": "Rosé",
    "Type_of_Box": "Karton",
    "Millésime": null
  },
  {
    "id": "1ac632fb-6060-4715-8ac8-cb010881b3d6",
    "Product_name": "Edenvine | 0 % | vin mousseux sans alcool | 75 cl | Delhaize",
    "Price": "5,99 €",
    "Price_per_liter": "7,99 €/l",
    "Wine_Varieties": "",
    "vegetarian": "False",
    "vegan": "False",
    "food_pairing": [],
    "image_URL": "https://static.delhaize.be/medias/sys_master/h52/he3/11711022235678.jpg",
    "URL": "https://www.delhaize.be/fr/shop/Vins-and-bulles/Vins-et-mousseux-sans-alcool/Mousseux/0-vin-mousseux-sans-alcool/p/S2011021000230230000",
    "country_origin": "Australië",
    "Wine_Description": "",
    "promotion": "",
    "Alcohol_percentage": "0",
    "Volume": "0.750l",
    "Type_of_Cap": null,
    "Type_of_wine": null,
    "Color": null,
    "Type_of_Box": null,
    "Millésime": null
  },
  {
    "id": "1c40f15a-9ffc-4649-ac42-5188413d1293",
    "Product_name": "Signature Alessandro Berselli | Prosecco | Valdobbiadene | Brut | 75 cl | Delhaize",
    "Price": "13,99 €",
    "Price_per_liter": "18,65 €/l",
    "Wine_Varieties": "100% Glera",
    "vegetarian": "True",
    "vegan": "False",
    "food_pairing": [
      "Vis",
      "Zeevruchten",
      "Groenten"
    ],
    "image_URL": "https://static.delhaize.be/medias/sys_master/products/h6c/h5e/13017510936606.jpg",
    "URL": "https://www.delhaize.be/fr/shop/Vins-and-bulles/Bulles/Prosecco/Blanc/Prosecco-Valdobbiadene-Brut/p/S2020073100451590000",
    "country_origin": "Italië",
    "Wine_Description": "",
    "promotion": "",
    "Alcohol_percentage": "11.5",
    "Volume": "0.750l",
    "Type_of_Cap": "Natuurlijke kurk",
    "Type_of_wine": "brut",
    "Color": "Wit",
    "Type_of_Box": "Karton",
    "Millésime": "2019"
  },
  {
    "id": "048c3a2e-4496-43f1-bf5c-63d87cd60bbe",
    "Product_name": "Karas | Reserve | Ararat Valley | 75 cl | Delhaize",
    "Price": "21,99 €",
    "Price_per_liter": "29,32 €/l",
    "Wine_Varieties": "30% Malbec, 30% Syrah, 30% Cabernet Franc, 10% Tannat",
    "vegetarian": "True",
    "vegan": "False",
    "food_pairing": [
      "Barbecue",
      "Charcuterie",
      "Kaasplank"
    ],
    "image_URL": "https://static.delhaize.be/medias/sys_master/products/ha7/hf5/12880659316766.jpg",
    "URL": "https://www.delhaize.be/fr/shop/Vins-and-bulles/Vins-rouges/Exclusivites-en-ligne/Reste-de-l-Europe/Reserve-Ararat-Valley/p/S2021021000507610000",
    "country_origin": "Armenië",
    "Wine_Description": "Si l'Armenië reste peu connue du grand public, elle représente pourtant, avec la Géorgie, le berceau du vin. La maison Karas fut fondée par la famille Eurnekian qui était déjà active en Patagonie. Karas est situé à Armavir, à l'ombre du mont Ararat, au coeur de l'industrie viticole arménienne.  Karas signifie 'amphore', un récipient en argile sacré utilisé ici depuis 6 000 ans pour la fabrication du vin. Singularité de cette région : les vignes poussent sur un sol volcanique de Color noire, composé d'argile, de calcaire et de tuf. Quant à son climat, il est continental et extrêmement droog, avec à peine 300 mm de pluie par an. Les vignes sont traitées avec du compost naturel et des engrais organiques.   La viticultrice Juliana Del Aguila, nièce d'Eduardo Eurnekian, qui a notamment travaillé avec Michel Rolland, souhaite développer des vins innovants et respectueux de l'environnement. Pas de cépages locaux, mais un mélange de syrah, petit verdot, montepulciano et cabernet franc. Vin r",
    "promotion": "",
    "Alcohol_percentage": "14.5",
    "Volume": "0.750l",
    "Type_of_Cap": "Natuurlijke kurk",
    "Type_of_wine": "droog",
    "Color": "Rood",
    "Type_of_Box": "Karton",
    "Millésime": "2016"
  },
  {
    "id": "f0d64fa0-f9a7-4dc6-8a24-2f006c49ed96",
    "Product_name": "Meiter | Champagne | Brut | 75 cl | Delhaize",
    "Price": "22,99 €",
    "Price_per_liter": "30,65 €/l",
    "Wine_Varieties": "60% Pinot Noir, 30% Pino Meunier, 10% Chardonnay",
    "vegetarian": "True",
    "vegan": "True",
    "food_pairing": [
      "Zeevruchten"
    ],
    "image_URL": "https://static.delhaize.be/medias/sys_master/hc6/hdd/11746465480734.jpg",
    "URL": "https://www.delhaize.be/fr/shop/Vins-and-bulles/Bulles/Champagne/Blanc/Champagne-Brut/p/S1991102800239650000",
    "country_origin": "Frankrijk",
    "Wine_Description": "Champagne Meiter, Champagne de marque d'un négociant-manipulant, et plus particulièrement de l'excellente maison Vranken, est un Champagne léger et frais, principalement à base de pinot noir. Belle tension aromatique, bon Fruité, équilibré et consistant en finale.",
    "promotion": "",
    "Alcohol_percentage": "12",
    "Volume": "0.750l",
    "Type_of_Cap": "Natuurlijke kurk",
    "Type_of_wine": "brut",
    "Color": "Wit",
    "Type_of_Box": "Karton",
    "Millésime": null
  },
  {
    "id": "9ad2a338-aae7-403e-b18b-67a04ae1f460",
    "Product_name": "Casillero | Shiraz | 75 cl | Delhaize",
    "Price": "6,99 €",
    "Price_per_liter": "9,32 €/l",
    "Wine_Varieties": "78% Cinsault, 10% Carménère, 10% Syrah, 2% Garnacha",
    "vegetarian": "True",
    "vegan": "True",
    "food_pairing": [
      "Aperitief"
    ],
    "image_URL": "https://static.delhaize.be/medias/sys_master/ha4/he6/12431266414622.jpg",
    "URL": "https://www.delhaize.be/fr/shop/Vins-and-bulles/Vins-roses/Chili/Shiraz/p/S2014041500225130014",
    "country_origin": "Chili",
    "Wine_Description": "Casillero del Diablo est le fleuron de la maison Concha y Toro, la plus ancienne entreprise viticole chilienne et l'une des plus grandes. À la tête des vins Casillero, le vinificateur chevronné Marcelo Papa. Sa philosophie ? Laisser le raisin s'exprimer autant que possible, c'est-à-dire que chaque cépage doit souligner ses caractéristiques typiques dans le verre.  Le rosé à base de shiraz impressionne par son caractère frivole et Fruité avec d'agréables tonen épicées en fin de bouche.",
    "promotion": "2+1 Gratis",
    "Alcohol_percentage": "12.4",
    "Volume": "0.750l",
    "Type_of_Cap": "Schroefdop",
    "Type_of_wine": "droog",
    "Color": "Rosé",
    "Type_of_Box": "Karton",
    "Millésime": "2018"
  },
  {
    "id": "744ed7ca-a00a-4185-b73a-bdd263000525",
    "Product_name": "Torrae Del Sale | Puglia | Primitivo | Biologisch | 75 cl | Delhaize",
    "Price": "5,99 €",
    "Price_per_liter": "7,99 €/l",
    "Wine_Varieties": "100% Primitivo",
    "vegetarian": "True",
    "vegan": "False",
    "food_pairing": [
      "Barbecue",
      "Pasta",
      "Pizza"
    ],
    "image_URL": "https://static.delhaize.be/medias/sys_master/hf1/h91/12430822932510.jpg",
    "URL": "https://www.delhaize.be/fr/shop/Vins-and-bulles/Vins-rouges/Italie/Puglia-Primitivo-Bio/p/S2022030900496150096",
    "country_origin": "Italië",
    "Wine_Description": "",
    "promotion": "",
    "Alcohol_percentage": "13",
    "Volume": "0.750l",
    "Type_of_Cap": "Schroefdop",
    "Type_of_wine": "droog",
    "Color": "Rood",
    "Type_of_Box": "Karton",
    "Millésime": "2023"
  },
  {
    "id": "4da42cbf-2020-4e98-9e3d-37c299dda71e",
    "Product_name": "Vranken | Champagne | Brut Nature | 75 cl | Delhaize",
    "Price": "36,99 €",
    "Price_per_liter": "49,32 €/l",
    "Wine_Varieties": "45% Pinot Noir, 30% Pinot Meunier, 25% Chardonnay",
    "vegetarian": "True",
    "vegan": "False",
    "food_pairing": [
      "Barbecue"
    ],
    "image_URL": "https://static.delhaize.be/medias/sys_master/ha6/h15/11695323873310.jpg",
    "URL": "https://www.delhaize.be/fr/shop/Vins-and-bulles/Bulles/Champagne/Blanc/Champagne-Brut-Nature/p/S2017010203682690000",
    "country_origin": "Frankrijk",
    "Wine_Description": "Le père de Paul-François Vranken était directeur du département Porsche chez D'Ieteren. Comme à l'époque, l'achat d'une Porsche s'accompagnait toujours du sabrage d'une bouteille de Champagne, et que le Club Porsche de België se rendait fréquemment en Champagne, le jeune Paul-François fut rapidement mis dans le bain. Au milieu des années 70, Vranken s'installe en Champagne et achète sa première marque de Champagne en 1978. Il a ensuite enchaîné les achats de marques. Vranken est aujourd'hui le groupe champenois le plus important après la société de luxe LVMH.  Le brut nature est un Champagne sans dosage qui a été vieilli 4 ans en cave. Serré et bien droog, agrumes et fruits blancs, tonen agréables de pain grillé en finale.",
    "promotion": "",
    "Alcohol_percentage": "12.5",
    "Volume": "0.750l",
    "Type_of_Cap": "Natuurlijke kurk",
    "Type_of_wine": "brut nature",
    "Color": "Wit",
    "Type_of_Box": "Karton",
    "Millésime": null
  },
  {
    "id": "b6636f9b-154b-43de-8022-e1ea6b29f898",
    "Product_name": "Heidsieck & Co | Champagne | Monopole Blue Top | Brut | 75 cl | Delhaize",
    "Price": "33,99 €",
    "Price_per_liter": "45,32 €/l",
    "Wine_Varieties": "70% Pinot Noir, 20% Chardonnay, 10% Pinot Meunier",
    "vegetarian": "True",
    "vegan": "True",
    "food_pairing": [
      "Gevogelte",
      "Zeevruchten"
    ],
    "image_URL": "https://static.delhaize.be/medias/sys_master/hba/hd3/12498691653662.jpg",
    "URL": "https://www.delhaize.be/fr/shop/Vins-and-bulles/Bulles/Champagne/Blanc/Champagne-Monopole-Blue-Top-Brut/p/S2018060700067200000",
    "country_origin": "Frankrijk",
    "Wine_Description": "Heidsieck & Co Monopole est une société fondée en 1785 maison de Champagne par Florens-Louis Épernay Heidsieck. L'entreprise appartient à Vranken qui détient également Pommery et Demoiselle. Malgré le fait que son siège soit à Epernay, Heidsieck reste une maison de pinot noir typique en termes de style. Le raisin noir prédomine dans les assemblages des champagnes Heidsieck & Co Monopole.  Le Blue Top l'illustre parfaitement avec 70% de pinot noir dans l'assemblage. Une belle frisheid fruitige et minérale en finale.",
    "promotion": "",
    "Alcohol_percentage": "12",
    "Volume": "0.750l",
    "Type_of_Cap": "Natuurlijke kurk",
    "Type_of_wine": "brut",
    "Color": "Wit",
    "Type_of_Box": "Karton",
    "Millésime": null
  },
  {
    "id": "0a77b3b2-2b23-4ec7-93b3-d96800b016cc",
    "Product_name": "Leçon | N°3 | Rose Gris | 2023 | 75 cl | Delhaize",
    "Price": "6,99 €",
    "Price_per_liter": "9,32 €/l",
    "Wine_Varieties": "55% Grenache, 30% Carignan, 15% Cinsault",
    "vegetarian": "True",
    "vegan": "True",
    "food_pairing": [
      "Barbecue",
      "Charcuterie"
    ],
    "image_URL": "https://static.delhaize.be/medias/sys_master/products/hb1/h89/13204079935518.jpg",
    "URL": "https://www.delhaize.be/fr/shop/Vins-and-bulles/Exclusivites-online/Vins-roses/France-Autres-regions/N-3-Rose-Gris-2023/p/S2024010800741630000",
    "country_origin": "Frankrijk",
    "Wine_Description": "",
    "promotion": "2+1 Gratis",
    "Alcohol_percentage": "13",
    "Volume": "0.750l",
    "Type_of_Cap": "Liège aggloméré",
    "Type_of_wine": "droog",
    "Color": "Rosé",
    "Type_of_Box": "Karton",
    "Millésime": "2023"
  },
  {
    "id": "ac928198-2562-4ace-834c-a398a57e2121",
    "Product_name": "Delhaize | Pays d'Oc | Syrah Rosé | 3 l | Delhaize",
    "Price": "13,99 €",
    "Price_per_liter": "4,66 €/l",
    "Wine_Varieties": "",
    "vegetarian": "False",
    "vegan": "False",
    "food_pairing": [],
    "image_URL": "https://static.delhaize.be/medias/sys_master/products/hfd/h21/12658532581406.jpg",
    "URL": "https://www.delhaize.be/fr/shop/Vins-and-bulles/Vins-roses/Les-cubi/Pays-d-Oc-Syrah-Rose/p/S2022042000621260000",
    "country_origin": "Frankrijk",
    "Wine_Description": "",
    "promotion": "",
    "Alcohol_percentage": null,
    "Volume": null,
    "Type_of_Cap": null,
    "Type_of_wine": null,
    "Color": null,
    "Type_of_Box": null,
    "Millésime": null
  },
  {
    "id": "1c8f024b-4081-4cfa-97bf-d7a8d361d947",
    "Product_name": "Anna Perenna | Prosecco | Brut | 75 cl | Delhaize",
    "Price": "8,99 €",
    "Price_per_liter": "11,99 €/l",
    "Wine_Varieties": "",
    "vegetarian": "False",
    "vegan": "False",
    "food_pairing": [],
    "image_URL": "https://static.delhaize.be/medias/sys_master/hee/heb/11709875617822.jpg",
    "URL": "https://www.delhaize.be/fr/shop/Vins-and-bulles/Bulles/Prosecco/Blanc/Prosecco-Brut/p/S2012122800240920000",
    "country_origin": "Italië",
    "Wine_Description": "",
    "promotion": "",
    "Alcohol_percentage": null,
    "Volume": null,
    "Type_of_Cap": null,
    "Type_of_wine": null,
    "Color": null,
    "Type_of_Box": null,
    "Millésime": null
  },
  {
    "id": "f45a3435-b7bb-4ff9-948c-cf1c89883dd1",
    "Product_name": "Cave D'Ingersheim | Kaefferkopf Grand Cru | 2019 | 75 cl | Delhaize",
    "Price": "16,99 €",
    "Price_per_liter": "22,65 €/l",
    "Wine_Varieties": "70% Gewurztraminer (Savagnin/traminer Aromatico), 20% Pinot Gris, 10% Riesling",
    "vegetarian": "True",
    "vegan": "False",
    "food_pairing": [
      "Pittige gerechten",
      "Dessert"
    ],
    "image_URL": "https://static.delhaize.be/medias/sys_master/h12/h17/12433672798238.jpg",
    "URL": "https://www.delhaize.be/fr/shop/Vins-and-bulles/Vins-blancs/France/Alsace/Kaefferkopf-Grand-Cru-2019/p/S2022122200668390000",
    "country_origin": "Frankrijk",
    "Wine_Description": "",
    "promotion": "",
    "Alcohol_percentage": "13",
    "Volume": "0.750l",
    "Type_of_Cap": "Liège aggloméré",
    "Type_of_wine": "doux",
    "Color": "Wit",
    "Type_of_Box": "Karton",
    "Millésime": "2019"
  },
  {
    "id": "473579ae-9d0c-4773-946e-f5a4ff3809ee",
    "Product_name": "Ambo | Nero | Pinot Nero | 37,5 cl | Delhaize",
    "Price": "3,99 €",
    "Price_per_liter": "10,64 €/l",
    "Wine_Varieties": "100% Pinot Noir",
    "vegetarian": "True",
    "vegan": "False",
    "food_pairing": [
      "Vis",
      "Lam",
      "Pasta"
    ],
    "image_URL": "https://static.delhaize.be/medias/sys_master/he3/h79/12431259074590.jpg",
    "URL": "https://www.delhaize.be/fr/shop/Vins-and-bulles/Vins-rouges/Italie/Nero-Pinot-Nero/p/S2022030700611920000",
    "country_origin": "Italië",
    "Wine_Description": "",
    "promotion": "",
    "Alcohol_percentage": "12.5",
    "Volume": "0.375l",
    "Type_of_Cap": "Schroefdop",
    "Type_of_wine": "droog",
    "Color": "Rood",
    "Type_of_Box": "Karton",
    "Millésime": "2022"
  },
  {
    "id": "0ce7c4f0-97f8-4c4f-9e7b-efc9539078db",
    "Product_name": "Lyv | Pays d'Oc | 75 cl | Delhaize",
    "Price": "8,99 €",
    "Price_per_liter": "11,99 €/l",
    "Wine_Varieties": "100% Sauvignon Blanc",
    "vegetarian": "True",
    "vegan": "True",
    "food_pairing": [
      "Zeevruchten"
    ],
    "image_URL": "https://static.delhaize.be/medias/sys_master/hca/h6c/12431224340510.jpg",
    "URL": "https://www.delhaize.be/fr/shop/Vins-and-bulles/Vins-blancs/France/Languedoc-Roussillon/Pays-d-Oc/p/S2021122300192570000",
    "country_origin": "Frankrijk",
    "Wine_Description": "",
    "promotion": "",
    "Alcohol_percentage": "12",
    "Volume": "0.750l",
    "Type_of_Cap": "Bouchon verre",
    "Type_of_wine": "droog",
    "Color": "Wit",
    "Type_of_Box": "Karton",
    "Millésime": null
  },
  {
    "id": "7aba9ce0-4862-45db-81ca-c93046ef7ba6",
    "Product_name": "Vranken | Demoiselle | Champagne | Brut | 37,5 cl | Delhaize",
    "Price": "19,99 €",
    "Price_per_liter": "53,31 €/l",
    "Wine_Varieties": "33% Chardonnay, 33% Pino Meunier, 33% Pinot Noir",
    "vegetarian": "True",
    "vegan": "True",
    "food_pairing": [
      "Sushi"
    ],
    "image_URL": "https://static.delhaize.be/medias/sys_master/h7d/h84/12497063837726.jpg",
    "URL": "https://www.delhaize.be/fr/shop/Vins-and-bulles/Bulles/Champagne/Blanc/Champagne-Brut/p/S1994092900240390000",
    "country_origin": "Frankrijk",
    "Wine_Description": "En 1985, Paul-François Vranken a lancé « La Demoiselle », en référence à la villa du même nom face à Pommery. Aujourd'hui, Demoiselle est la marque propre et le Champagne le plus vendu du groupe.   Prêtez aussi attention à la bouteille spéciale de style art nouveau et à l'assemblage spécifique (80 % chardonnay). Champagne à l'excellent Fruité, une frisheid exemplaire et des tonen minérales qui aiguisent sur-le-champ l'appétit sans aucune difficulté.",
    "promotion": "",
    "Alcohol_percentage": "12.5",
    "Volume": "0.375l",
    "Type_of_Cap": "Natuurlijke kurk",
    "Type_of_wine": "brut",
    "Color": "Wit",
    "Type_of_Box": "Karton",
    "Millésime": null
  },
  {
    "id": "e8dd0861-3677-4e92-98be-740bb80888c9",
    "Product_name": "Delhaize | Muscadet | 3 l | Delhaize",
    "Price": "15,99 €",
    "Price_per_liter": "5,33 €/l",
    "Wine_Varieties": "",
    "vegetarian": "False",
    "vegan": "False",
    "food_pairing": [],
    "image_URL": "https://static.delhaize.be/medias/sys_master/products/h78/hc5/12725085700126.jpg",
    "URL": "https://www.delhaize.be/fr/shop/Vins-and-bulles/Vins-blancs/Les-cubi/Muscadet/p/S2022042600624100000",
    "country_origin": "Frankrijk",
    "Wine_Description": "",
    "promotion": "",
    "Alcohol_percentage": null,
    "Volume": null,
    "Type_of_Cap": null,
    "Type_of_wine": null,
    "Color": null,
    "Type_of_Box": null,
    "Millésime": null
  },
  {
    "id": "d594138c-c0e4-410b-9992-7f8b45244be1",
    "Product_name": "Arniston Bay | Cabernet Sauvignon | 75 cl | Delhaize",
    "Price": "5,99 €",
    "Price_per_liter": "7,99 €/l",
    "Wine_Varieties": "100% Cabernet Sauvignon",
    "vegetarian": "True",
    "vegan": "True",
    "food_pairing": [
      "Gebraden"
    ],
    "image_URL": "https://static.delhaize.be/medias/sys_master/h7b/h65/12608424607774.jpg",
    "URL": "https://www.delhaize.be/fr/shop/Vins-and-bulles/Vins-rouges/Afrique-du-Sud/Cabernet-Sauvignon/p/S2021033100532840000",
    "country_origin": "Afrique du Sud",
    "Wine_Description": "",
    "promotion": "",
    "Alcohol_percentage": "13.5",
    "Volume": "0.750l",
    "Type_of_Cap": "Schroefdop",
    "Type_of_wine": "droog",
    "Color": "Rood",
    "Type_of_Box": "Karton",
    "Millésime": "2020"
  },
  {
    "id": "9f1ff7e0-7611-4ad3-ad81-a0c2ac540c4c",
    "Product_name": "Hola | Cava | 10° Aniversario | Biologisch | Brut Nature | 75 cl | Delhaize",
    "Price": "13,99 €",
    "Price_per_liter": "18,65 €/l",
    "Wine_Varieties": "",
    "vegetarian": "False",
    "vegan": "False",
    "food_pairing": [],
    "image_URL": "https://static.delhaize.be/medias/sys_master/h98/h00/12628852572190.jpg",
    "URL": "https://www.delhaize.be/fr/shop/Vins-and-bulles/Bulles/Cava/Blanc/Cava-10-Aniversario-Bio-Brut-Nature/p/S2024041700763990000",
    "country_origin": "Spanje",
    "Wine_Description": "",
    "promotion": "",
    "Alcohol_percentage": null,
    "Volume": null,
    "Type_of_Cap": null,
    "Type_of_wine": null,
    "Color": null,
    "Type_of_Box": null,
    "Millésime": null
  },
  {
    "id": "66fb4682-98bb-4348-8441-74ddb66d3cd9",
    "Product_name": "Beringer | Cabernet Sauvignon | 75 cl | Delhaize",
    "Price": "7,99 €",
    "Price_per_liter": "10,65 €/l",
    "Wine_Varieties": "100% Cabernet Sauvignon",
    "vegetarian": "False",
    "vegan": "False",
    "food_pairing": [
      "Lam",
      "Steak"
    ],
    "image_URL": "https://static.delhaize.be/medias/sys_master/h4d/ha5/12434006114334.jpg",
    "URL": "https://www.delhaize.be/fr/shop/Vins-and-bulles/Vins-rouges/Etats-Unis/Cabernet-Sauvignon/p/S2019061300260920000",
    "country_origin": "États-Unis",
    "Wine_Description": "Le domaine Beringer a été créé en 1876 par les frères Frederick et Jacob Beringer. Au 19e siècle, ils émigrèrent de l'Allemagne vers les États-Unis et établirent leur cave dans la vallée de Napa. Aujourd'hui, Beringer possède les plus vieux vignobles de toute la vallée. Leur credo ? La continuité ! Tant dans le style que la qualité. Il n'est donc pas surprenant que le vinificateur qui travaille en ces lieux soit seulement le 7e sur plus de 130 années de tradition. De plus, dès 1997, le magazine américain Wine Spectator déclarait Beringer meilleure cave des États-Unis.  Cabernet rond et charnu avec des fruits noirs et des tannines mûrs intégrés.",
    "promotion": "",
    "Alcohol_percentage": "12.5",
    "Volume": "0.750l",
    "Type_of_Cap": "Schroefdop",
    "Type_of_wine": "demi-droog",
    "Color": "Rood",
    "Type_of_Box": "Karton",
    "Millésime": "2017"
  },
  {
    "id": "9ec2a1ea-f72a-4360-9267-e04fa39c2d83",
    "Product_name": "Hola | Cava | Rosé | Biologisch | Brut | 75 cl | Delhaize",
    "Price": "9,99 €",
    "Price_per_liter": "13,32 €/l",
    "Wine_Varieties": "50% Macabeo, 25% Xarel·lo, 25% Pinot Noir",
    "vegetarian": "True",
    "vegan": "False",
    "food_pairing": [
      "Tapas"
    ],
    "image_URL": "https://static.delhaize.be/medias/sys_master/h78/h95/12505094750238.jpg",
    "URL": "https://www.delhaize.be/fr/shop/Vins-and-bulles/Bulles/Cava/Rose/Cava-Rose-Bio-Brut/p/S2014031800241700000",
    "country_origin": "Spanje",
    "Wine_Description": "Hola, « bonjour » en espagnol, a été créé par Bodegas Desde Barcelona, une marque branchée qui veut souligner l'atmosphère exubérante de Barcelone. Sur les bouteilles trône « El Flor » de Barcelona. Il s'agit de la dalle de trottoir typique en forme de fleur, icône de la métropole, que l'on voit partout dans les rues de Barcelone.   Le Pink brut est un rosé droog, bien frais, caractérisé par des aroma's de fraises des Hout, de cassis et d'agrumes.",
    "promotion": "",
    "Alcohol_percentage": "11.5",
    "Volume": "0.750l",
    "Type_of_Cap": "Natuurlijke kurk",
    "Type_of_wine": "brut",
    "Color": "Rosé",
    "Type_of_Box": "Karton",
    "Millésime": "2017"
  },
  {
    "id": "53746e6a-2850-46a9-a514-bebe69f10010",
    "Product_name": "Diablo | Dark Red | 75 cl | Delhaize",
    "Price": "9,99 €",
    "Price_per_liter": "13,32 €/l",
    "Wine_Varieties": "65% Syrah, 30% Malbec, 5% Red Blend",
    "vegetarian": "True",
    "vegan": "True",
    "food_pairing": [
      "Barbecue",
      "Gebraden"
    ],
    "image_URL": "https://static.delhaize.be/medias/sys_master/he9/hf0/12431396831262.jpg",
    "URL": "https://www.delhaize.be/fr/shop/Vins-and-bulles/Vins-rouges/Chili/Dark-Red/p/S2020012400349080000",
    "country_origin": "Chili",
    "Wine_Description": "",
    "promotion": "",
    "Alcohol_percentage": "13.5",
    "Volume": "0.750l",
    "Type_of_Cap": "Natuurlijke kurk",
    "Type_of_wine": "demi-droog",
    "Color": "Rood",
    "Type_of_Box": "Karton",
    "Millésime": "2020"
  },
  {
    "id": "03bf165f-9717-41b4-bee4-efd033e29653",
    "Product_name": "Santa Tierra | Cuvée 5 | 75 cl | Delhaize",
    "Price": "8,99 €",
    "Price_per_liter": "11,99 €/l",
    "Wine_Varieties": "35% Carménère, 35% Cabernet Sauvignon, 15% Syrah, 10% Pinot Noir, 5% Petit Verdot",
    "vegetarian": "True",
    "vegan": "True",
    "food_pairing": [
      "Gegrild vlees",
      "Varkensvlees",
      "Gebraden"
    ],
    "image_URL": "https://static.delhaize.be/medias/sys_master/products/h7d/h4a/12682820452382.jpg",
    "URL": "https://www.delhaize.be/fr/shop/Vins-and-bulles/Vins-rouges/Chili/Cuvee-5/p/S2019021300230210011",
    "country_origin": "Chili",
    "Wine_Description": "Santa Tierra, un des principaux vins de marque de la maison viticole chilienne Casa Silva, se compose en grande majorité de monocépages. Cette « Cuvée 5 » y fait exception : un assemblage de 5 cépages différents, provenant tous de la vallée de Colchagua. Soit 35 % carmenere, 35 % cabernet sauvignon, 15 % syrah, 10 % pinot noir et 5 % petit verdot. Un mélange bigarré dont 60 % vieillissent 8 mois en chêne français. Un vin suave aux fruits noirs et aux impressions épicées.",
    "promotion": "",
    "Alcohol_percentage": "14",
    "Volume": "0.750l",
    "Type_of_Cap": "Natuurlijke kurk",
    "Type_of_wine": "droog",
    "Color": "Rood",
    "Type_of_Box": "Karton",
    "Millésime": "2018"
  },
  {
    "id": "9422f2ca-eae2-4801-b31d-7685d3183576",
    "Product_name": "Delhaize | South African Wine | Chenin | 75 cl | Delhaize",
    "Price": "3,99 €",
    "Price_per_liter": "5,32 €/l",
    "Wine_Varieties": "",
    "vegetarian": "False",
    "vegan": "False",
    "food_pairing": [],
    "image_URL": "https://static.delhaize.be/medias/sys_master/products/ha6/hdf/12668069117982.jpg",
    "URL": "https://www.delhaize.be/fr/shop/Vins-and-bulles/Vins-blancs/Afrique-du-Sud/South-African-Wine-Chenin/p/S2022062700634540000",
    "country_origin": "Afrique du Sud",
    "Wine_Description": "",
    "promotion": "",
    "Alcohol_percentage": null,
    "Volume": null,
    "Type_of_Cap": null,
    "Type_of_wine": null,
    "Color": null,
    "Type_of_Box": null,
    "Millésime": null
  },
  {
    "id": "0a9e4748-185c-4997-8613-d6521fa6b35d",
    "Product_name": "Amboscato | Rosso | 75 cl | Delhaize",
    "Price": "5,99 €",
    "Price_per_liter": "7,99 €/l",
    "Wine_Varieties": "80% Lambrusco, 20% Malvasia nera",
    "vegetarian": "True",
    "vegan": "False",
    "food_pairing": [
      "Dessert"
    ],
    "image_URL": "https://static.delhaize.be/medias/sys_master/hf6/hf5/12424334344222.jpg",
    "URL": "https://www.delhaize.be/fr/shop/Vins-and-bulles/Vins-rouges/Italie/Rosso/p/S2021112500239040097",
    "country_origin": "Italië",
    "Wine_Description": "",
    "promotion": "",
    "Alcohol_percentage": "5",
    "Volume": "0.750l",
    "Type_of_Cap": "Schroefdop",
    "Type_of_wine": "doux",
    "Color": "Rood",
    "Type_of_Box": "Karton",
    "Millésime": null
  },
  {
    "id": "f7f1e764-6279-4dff-b770-a7d27b149870",
    "Product_name": "Duval-Leroy | Champagne | Demi-sec | 37,5 cl | Delhaize",
    "Price": "19,99 €",
    "Price_per_liter": "53,31 €/l",
    "Wine_Varieties": "60% Pinot Noir, 30% Pinot Meunier, 10% Chardonnay",
    "vegetarian": "True",
    "vegan": "True",
    "food_pairing": [
      "Chocolat",
      "Dessert"
    ],
    "image_URL": "https://static.delhaize.be/medias/sys_master/hab/hed/10022623117342.jpg",
    "URL": "https://www.delhaize.be/fr/shop/Vins-and-bulles/Bulles/Champagne/Blanc/Champagne-Demi-sec/p/S2003090900240210000",
    "country_origin": "Frankrijk",
    "Wine_Description": "Maison de Champagne réputée, fondée en 1859 des suites de l'association des familles Duval et Leroy à Vertus. Après le décès de son mari en 1991, c'est notre compatriote Carol Duval-Leroy, l'une des femmes les plus actives et les plus innovantes dans le monde du Champagne, qui dirige l'entreprise. Son vignoble s'étend sur 200 ha, dont une grande partie de Grands Crus sur la célèbre Côte des Blancs (au sud d'Epernay). Aujourd'hui, il s'agit de l'une des dernières grandes maisons de Champagne familiales. En cave aussi, on retrouve une femme : Sandrine Logette-Jardin, une viticultrice de renom, qui a créé beaucoup de nouvelles cuvées ces dernières années.  Le demi-droog est un Champagne accessible, caractérisé par des aroma's de fruits blancs , il est légèrement plus crémeux et plus sucré, tout en conservant une belle frisheid.",
    "promotion": "",
    "Alcohol_percentage": "12",
    "Volume": "0.375l",
    "Type_of_Cap": "Natuurlijke kurk",
    "Type_of_wine": "demi-droog",
    "Color": "Wit",
    "Type_of_Box": "Karton",
    "Millésime": null
  },
  {
    "id": "c0c7675d-9b6a-4939-88b2-604e2b468ac5",
    "Product_name": "Raimat | Castell | Chardonnay | Biologisch | 75 cl | Delhaize",
    "Price": "7,99 €",
    "Price_per_liter": "10,65 €/l",
    "Wine_Varieties": "100% Chardonnay",
    "vegetarian": "True",
    "vegan": "True",
    "food_pairing": [
      "Pasta",
      "Salade",
      "Groenten"
    ],
    "image_URL": "https://static.delhaize.be/medias/sys_master/hbe/h4f/12431355412510.jpg",
    "URL": "https://www.delhaize.be/fr/shop/Vins-and-bulles/Vins-blancs/Espagne/Castell-Chardonnay-Bio/p/S2021082500358770096",
    "country_origin": "Spanje",
    "Wine_Description": "",
    "promotion": "",
    "Alcohol_percentage": "13",
    "Volume": "0.750l",
    "Type_of_Cap": "Natuurlijke kurk",
    "Type_of_wine": "droog",
    "Color": "Wit",
    "Type_of_Box": "Karton",
    "Millésime": "2020"
  },
  {
    "id": "1e5eb605-90af-4afb-b222-5d5ae6de90a6",
    "Product_name": "Les Nouveaux Occitans | Confise | 2022 | 75 cl | Delhaize",
    "Price": "5,49 €",
    "Price_per_liter": "7,32 €/l",
    "Wine_Varieties": "100% Sauvignon Blanc",
    "vegetarian": "True",
    "vegan": "True",
    "food_pairing": [
      "Asperges",
      "Kaasplank",
      "Dessert"
    ],
    "image_URL": "https://static.delhaize.be/medias/sys_master/products/h41/h6e/12697776914462.jpg",
    "URL": "https://www.delhaize.be/fr/shop/Vins-and-bulles/Vins-blancs/Exclusivites-en-ligne/France-Autres-regions/Confise-2022/p/S2024010400740850000",
    "country_origin": "Frankrijk",
    "Wine_Description": "",
    "promotion": "",
    "Alcohol_percentage": "13.5",
    "Volume": "0.750l",
    "Type_of_Cap": "Liège aggloméré",
    "Type_of_wine": "demi-droog",
    "Color": "Wit",
    "Type_of_Box": "Karton",
    "Millésime": "2022"
  },
  {
    "id": "6b97de31-f516-4b1e-b370-77dd66e06b14",
    "Product_name": "Laroche | Les 3 Grappes | Pays d'Oc | 75 cl | Delhaize",
    "Price": "5,99 €",
    "Price_per_liter": "7,99 €/l",
    "Wine_Varieties": "",
    "vegetarian": "False",
    "vegan": "False",
    "food_pairing": [],
    "image_URL": "https://static.delhaize.be/medias/sys_master/products/h40/h79/13103935651870.jpg",
    "URL": "https://www.delhaize.be/fr/shop/Vins-and-bulles/Vins-roses/France/Languedoc-Roussillon/Les-3-Grappes-Pays-d-Oc/p/S2022040400616980000",
    "country_origin": "Frankrijk",
    "Wine_Description": "",
    "promotion": "2+1 Gratis",
    "Alcohol_percentage": null,
    "Volume": null,
    "Type_of_Cap": null,
    "Type_of_wine": null,
    "Color": "Rosé",
    "Type_of_Box": null,
    "Millésime": null
  },
  {
    "id": "5f19562a-bc85-469c-8847-263e5fe52eef",
    "Product_name": "Mateus | The Original | 75 cl | Delhaize",
    "Price": "6,49 €",
    "Price_per_liter": "8,65 €/l",
    "Wine_Varieties": "",
    "vegetarian": "False",
    "vegan": "False",
    "food_pairing": [],
    "image_URL": "https://static.delhaize.be/medias/sys_master/h90/hb3/12433651302430.jpg",
    "URL": "https://www.delhaize.be/fr/shop/Vins-and-bulles/Vins-roses/Autres/The-Original/p/S2018051000239000098",
    "country_origin": "Portugal",
    "Wine_Description": "",
    "promotion": "2+1 Gratis",
    "Alcohol_percentage": null,
    "Volume": null,
    "Type_of_Cap": null,
    "Type_of_wine": null,
    "Color": null,
    "Type_of_Box": null,
    "Millésime": null
  },
  {
    "id": "8b0ff1bc-245f-4e89-a39c-ee803ec3240b",
    "Product_name": "Lindeman's | Bin 65 | Chardonnay | 75 cl | Delhaize",
    "Price": "6,99 €",
    "Price_per_liter": "9,32 €/l",
    "Wine_Varieties": "100% Chardonnay",
    "vegetarian": "False",
    "vegan": "False",
    "food_pairing": [
      "Pasta",
      "Gevogelte",
      "Zeevruchten"
    ],
    "image_URL": "https://static.delhaize.be/medias/sys_master/products/hc2/h80/12675478552606.jpg",
    "URL": "https://www.delhaize.be/fr/shop/Vins-and-bulles/Vins-blancs/Australie/Bin-65-Chardonnay/p/S2014011506235590013",
    "country_origin": "Australië",
    "Wine_Description": "En 1843, Henry J. Lindeman a planté ses premiers raisins à Cawarra dans la Hunter Valley. Il prescrivait le vin qu'il produisait à ses patients. Aujourd'hui, Lindemans est devenu l'une des plus grosses entreprises viticoles australiennes, disponible dans plus de 130 pays. Le vin n'est plus un médicament depuis longtemps, mais un délice à savourer.  Le chardonnay est un des grands classiques de la maison. Mélange de fleurs blanches, fruits blancs, belle frisheid avec des touches exotiques en fin de bouche.",
    "promotion": "",
    "Alcohol_percentage": "13.5",
    "Volume": "0.750l",
    "Type_of_Cap": "Schroefdop",
    "Type_of_wine": "demi-droog",
    "Color": "Wit",
    "Type_of_Box": "Karton",
    "Millésime": "2018"
  },
  {
    "id": "6fe4ac71-d37a-411d-aed9-fd4c1b7f271a",
    "Product_name": "Elissa Perenna | Franciacorta | Extra Brut | 75 cl | Delhaize",
    "Price": "19,99 €",
    "Price_per_liter": "26,65 €/l",
    "Wine_Varieties": "60% Chardonnay, 30% Pinot Bianco, 10% Pinot Nero",
    "vegetarian": "False",
    "vegan": "False",
    "food_pairing": [
      "Fromages doux",
      "Salade",
      "Zeevruchten"
    ],
    "image_URL": "https://static.delhaize.be/medias/sys_master/h52/h98/12501299462174.jpg",
    "URL": "https://www.delhaize.be/fr/shop/Vins-and-bulles/Bulles/Autres-effervescents/Blanc/Franciacorta-Extra-Brut/p/S2017081104172160000",
    "country_origin": "Italië",
    "Wine_Description": "La famille Curbastro produit d'excellents vins Mousserende wijn depuis 1967. Ils sont embouteillés sous l'appellation Franciacorta, aussi connue sous le nom de « Champagne d'Italië ». Aujourd'hui, la gestion est entre les mains du fils Riccardo, qui peut profiter des sols calcaires et du climat frais de la belle Lombardie. L'Extra brut est composé d'un assemblage de chardonnay (60 %), pinot bianco (30 %) et pinot noir (10 %). Les 36 mois d'élevage requis en cave donnent un Franciacorta complexe, aux aroma's de fruits mûrs et de crème pâtissière, mais surtout caractérisé par une frisheid minérale étonnante.",
    "promotion": "",
    "Alcohol_percentage": "12.5",
    "Volume": "0.750l",
    "Type_of_Cap": "Natuurlijke kurk",
    "Type_of_wine": "extra brut",
    "Color": "Wit",
    "Type_of_Box": "Karton",
    "Millésime": null
  },
  {
    "id": "fdd06087-98d0-4506-acbf-2424df3a3984",
    "Product_name": "Casillero | Chardonnay | Brut | 75 cl | Delhaize",
    "Price": "11,99 €",
    "Price_per_liter": "15,99 €/l",
    "Wine_Varieties": "98.5% Chardonnay, 1.5% Pinot Noir",
    "vegetarian": "False",
    "vegan": "False",
    "food_pairing": [
      "Vis",
      "Zeevruchten"
    ],
    "image_URL": "https://static.delhaize.be/medias/sys_master/h00/hfa/12498670288926.jpg",
    "URL": "https://www.delhaize.be/fr/shop/Vins-and-bulles/Bulles/Autres-effervescents/Blanc/Chardonnay-Brut/p/S2014080500240850001",
    "country_origin": "Chili",
    "Wine_Description": "Vin Mousserende wijn exclusivement de chardonnay, originaire des zones plus froides de la vallée de Limari. Le chardonnay pousse ici sur des terroirs de calcaire ou de grès et la température est maîtrisée grâce à la brise marine fraîche de l'océan.  Vin Mousserende wijn élégant et frais, généreusement perlant, agrumes, très accessible et fin de bouche parfaite. Un excellent vin d'apéritif.",
    "promotion": "",
    "Alcohol_percentage": "12",
    "Volume": "0.750l",
    "Type_of_Cap": "Liège aggloméré",
    "Type_of_wine": "brut",
    "Color": "Wit",
    "Type_of_Box": "Karton",
    "Millésime": null
  },
  {
    "id": "187796c3-6024-4b6c-a886-cb586711cc06",
    "Product_name": "Gerard Bertrand | H | Pays d'Oc | 75 cl | Delhaize",
    "Price": "8,99 €",
    "Price_per_liter": "11,99 €/l",
    "Wine_Varieties": ".% Chardonnay, .% Viognier, .% Sauvignon Blanc",
    "vegetarian": "False",
    "vegan": "False",
    "food_pairing": [
      "Vis",
      "Gevogelte"
    ],
    "image_URL": "https://static.delhaize.be/medias/sys_master/products/hd5/h83/13093583880222.jpg",
    "URL": "https://www.delhaize.be/fr/shop/Vins-and-bulles/Vins-blancs/France/Languedoc-Roussillon/Pays-d-Oc/p/S2022011300576200000",
    "country_origin": "Frankrijk",
    "Wine_Description": "",
    "promotion": "",
    "Alcohol_percentage": "13.5",
    "Volume": "0.750l",
    "Type_of_Cap": "Liège aggloméré",
    "Type_of_wine": "droog",
    "Color": "Wit",
    "Type_of_Box": "Karton",
    "Millésime": "2021"
  },
  {
    "id": "aa4a1050-850d-4c17-bf3c-e48e9d0ab410",
    "Product_name": "Delhaize | South African Wine | Wooded Chardonnay | 75 cl | Delhaize",
    "Price": "9,99 €",
    "Price_per_liter": "13,32 €/l",
    "Wine_Varieties": "",
    "vegetarian": "False",
    "vegan": "False",
    "food_pairing": [],
    "image_URL": "https://static.delhaize.be/medias/sys_master/h0c/he5/12612158324766.jpg",
    "URL": "https://www.delhaize.be/fr/shop/Vins-and-bulles/Vins-blancs/Afrique-du-Sud/South-African-Wine-Wooded-Chardonnay/p/S2022101800658100000",
    "country_origin": "Afrique du Sud",
    "Wine_Description": "",
    "promotion": "",
    "Alcohol_percentage": null,
    "Volume": null,
    "Type_of_Cap": null,
    "Type_of_wine": null,
    "Color": "Wit",
    "Type_of_Box": null,
    "Millésime": null
  },
  {
    "id": "ea9a0f8b-f24d-4605-9aff-b49f0990f922",
    "Product_name": "Leopard's Leap | Leopard Leap Chardonnay Wit | 75 cl | Delhaize",
    "Price": "6,99 €",
    "Price_per_liter": "9,32 €/l",
    "Wine_Varieties": "99% Chardonnay, 1% Viognier",
    "vegetarian": "True",
    "vegan": "True",
    "food_pairing": [
      "Kaasplank",
      "Vis",
      "Pasta"
    ],
    "image_URL": "https://static.delhaize.be/medias/sys_master/products/hb7/h0d/12776265449502.jpg",
    "URL": "https://www.delhaize.be/fr/shop/Vins-and-bulles/Vins-blancs/Afrique-du-Sud/Leopard-Leap-Chardonnay-Blanc/p/S2021081200574770000",
    "country_origin": "Afrique du Sud",
    "Wine_Description": "",
    "promotion": "",
    "Alcohol_percentage": "12.5",
    "Volume": "0.750l",
    "Type_of_Cap": "Schroefdop",
    "Type_of_wine": "droog",
    "Color": "Wit",
    "Type_of_Box": "Karton",
    "Millésime": "2021"
  },
  {
    "id": "51214921-f2d8-4386-aa9b-f7f5499a9a6c",
    "Product_name": "Gerard Bertrand | Solar 6 | Cévennes | Chardonnay | Biologisch | 75 cl | Delhaize",
    "Price": "7,99 €",
    "Price_per_liter": "10,65 €/l",
    "Wine_Varieties": "100% Chardonnay",
    "vegetarian": "False",
    "vegan": "False",
    "food_pairing": [
      "Vis",
      "Salade"
    ],
    "image_URL": "https://static.delhaize.be/medias/sys_master/products/h94/hbe/12730668679198.jpg",
    "URL": "https://www.delhaize.be/fr/shop/Vins-and-bulles/Vins-blancs/France/Languedoc-Roussillon/Cevennes-Chardonnay-Bio/p/S2022011200491600000",
    "country_origin": "Frankrijk",
    "Wine_Description": "",
    "promotion": "",
    "Alcohol_percentage": "13",
    "Volume": "0.750l",
    "Type_of_Cap": "Liège aggloméré",
    "Type_of_wine": "droog",
    "Color": "Wit",
    "Type_of_Box": "Karton",
    "Millésime": "2021"
  },
  {
    "id": "2367155a-3988-4073-a1bc-0a63759a6c3d",
    "Product_name": "Condado Real | Castilla y Léon | 75 cl | Delhaize",
    "Price": "4,99 €",
    "Price_per_liter": "6,65 €/l",
    "Wine_Varieties": "100%%% Tempranillo",
    "vegetarian": "True",
    "vegan": "True",
    "food_pairing": [
      "Aperitief",
      "Pasta",
      "Pizza"
    ],
    "image_URL": "https://static.delhaize.be/medias/sys_master/h48/h65/12431270543390.jpg",
    "URL": "https://www.delhaize.be/fr/shop/Vins-and-bulles/Vins-roses/Espagne/Castilla-y-Leon/p/S2022012100316340000",
    "country_origin": "Spanje",
    "Wine_Description": "",
    "promotion": "2+1 Gratis",
    "Alcohol_percentage": "13 ABV",
    "Volume": "0.750l",
    "Type_of_Cap": "Schroefdop",
    "Type_of_wine": "droog",
    "Color": "Rosé",
    "Type_of_Box": "Karton",
    "Millésime": "2021"
  },
  {
    "id": "90c451d3-7cd9-448e-8120-19964d389e3f",
    "Product_name": "Mionetto | Prosecco DOCG | Extra Dry | 75 cl | Delhaize",
    "Price": "11,99 €",
    "Price_per_liter": "15,99 €/l",
    "Wine_Varieties": "100% Glera",
    "vegetarian": "True",
    "vegan": "True",
    "food_pairing": [
      "Vis",
      "Dessert"
    ],
    "image_URL": "https://static.delhaize.be/medias/sys_master/h7f/h97/11204443340830.jpg",
    "URL": "https://www.delhaize.be/fr/shop/Vins-and-bulles/Bulles/Prosecco/Blanc/Prosecco-DOCG-Extra-Dry/p/S2015112603615160000",
    "country_origin": "Italië",
    "Wine_Description": "Mionetto est un des pionniers et plus gros producteurs de Prosecco. Maison fondée en 1887 par Francesco Mionetto et située en Vénétie. Les vignobles couvrent les collines de Valdobbiadene au nord de la Vénétie.   L'entreprise a joué un rôle de pionnier dans la mise au point d'une vinification moderne. C'est d'ailleurs ce qui ressort dans ce vin Mousserende wijn agréable et facile à boire, à base de glera, avec ses tonen séduisantes florales et fruitiges.",
    "promotion": "",
    "Alcohol_percentage": "11",
    "Volume": "0.750l",
    "Type_of_Cap": "Natuurlijke kurk",
    "Type_of_wine": "extra droog",
    "Color": "Wit",
    "Type_of_Box": "Karton",
    "Millésime": null
  },
  {
    "id": "3ccf060b-35c3-474f-ae91-55b40bcbfb46",
    "Product_name": "Tara Mea | Joven | Brut | 75 cl | Delhaize",
    "Price": "4,99 €",
    "Price_per_liter": "6,65 €/l",
    "Wine_Varieties": "",
    "vegetarian": "False",
    "vegan": "False",
    "food_pairing": [],
    "image_URL": "https://static.delhaize.be/medias/sys_master/products/hd1/hb0/12712820277278.jpg",
    "URL": "https://www.delhaize.be/fr/shop/Vins-and-bulles/Bulles/Cava/Blanc/Joven-Brut/p/S2024022700755510000",
    "country_origin": "Spanje",
    "Wine_Description": "",
    "promotion": "",
    "Alcohol_percentage": null,
    "Volume": null,
    "Type_of_Cap": null,
    "Type_of_wine": null,
    "Color": null,
    "Type_of_Box": null,
    "Millésime": null
  },
  {
    "id": "804aa387-615c-4795-a923-79f4d97e008e",
    "Product_name": "Oro De Uva | Cava | Chardonnay | Brut | 75 cl | Delhaize",
    "Price": "12,99 €",
    "Price_per_liter": "17,32 €/l",
    "Wine_Varieties": "100% Chardonnay",
    "vegetarian": "False",
    "vegan": "False",
    "food_pairing": [
      "Kaasplank",
      "Vis",
      "Zeevruchten"
    ],
    "image_URL": "https://static.delhaize.be/medias/sys_master/h74/h45/12498688442398.jpg",
    "URL": "https://www.delhaize.be/fr/shop/Vins-and-bulles/Bulles/Cava/Blanc/Cava-Chardonnay-Brut/p/S2013111400240860000",
    "country_origin": "Spanje",
    "Wine_Description": "Bien que la grande majorité des cavas espagnols proviennent de Catalogne, principalement du Penedès, d'autres régions viticoles du pays en produisent également. C'est ainsi le cas à Valence, où deux communes, Utiel et Requena, ont le privilège de produire du vin Mousserende wijn sous l'appellation Cava. À noter que les variétés de base sont exactement les mêmes que celles de Catalogne, à savoir le macabeo, la parellada et le xarel-lo.  Ce Cava bien droog est intégralement composé de chardonnay et présente des tonen de fleurs, de fruits blancs ainsi qu'une frisheid minérale.",
    "promotion": "",
    "Alcohol_percentage": "12",
    "Volume": "0.750l",
    "Type_of_Cap": "Natuurlijke kurk",
    "Type_of_wine": "brut",
    "Color": "Wit",
    "Type_of_Box": "Karton",
    "Millésime": null
  },
  {
    "id": "1687ebb0-2e9f-40ce-b8b5-6bc7f1486ab4",
    "Product_name": "Chateau Plantey De La Croix | Haut-Médoc | 75 cl | Delhaize",
    "Price": "9,99 €",
    "Price_per_liter": "13,32 €/l",
    "Wine_Varieties": "Cabernet Sauvignon, Merlot",
    "vegetarian": "False",
    "vegan": "False",
    "food_pairing": [
      "Barbecue",
      "Gegrild vlees",
      "Steak"
    ],
    "image_URL": "https://static.delhaize.be/medias/sys_master/h84/hf6/12431226961950.jpg",
    "URL": "https://www.delhaize.be/fr/shop/Vins-and-bulles/Vins-rouges/France/Bordeaux/Haut-Medoc/p/S2020100800467530000",
    "country_origin": "Frankrijk",
    "Wine_Description": "Le Haut-Médoc couvre 4.682 ha de vignobles le long des rives de la Gironde tout comme dans les terres, au nord de la ville de Bordeaux. Un paradis pour le cabernet sauvignon qui s'épanouit à merveille sur les sédimentations alluviales proches des rives. Son compagnon, le merlot, se débrouille très bien sur la terre argileuse lourde de l'intérieur du pays. Le Haut-Médoc produit des vins rouges pleins, aux tonen de mûres et de groseilles, aux tannines robustes et aux belles tonen Houtées.",
    "promotion": "",
    "Alcohol_percentage": "13",
    "Volume": "0.750l",
    "Type_of_Cap": "Diam",
    "Type_of_wine": "droog",
    "Color": "Rood",
    "Type_of_Box": "Karton",
    "Millésime": "2019"
  },
  {
    "id": "597e9b85-a5f9-4889-aca2-923b18e0917e",
    "Product_name": "Mionetto | Prosecco | Brut | 75 cl | Delhaize",
    "Price": "10,99 €",
    "Price_per_liter": "14,65 €/l",
    "Wine_Varieties": "100% Glera",
    "vegetarian": "True",
    "vegan": "True",
    "food_pairing": [
      "Vis",
      "Groenten"
    ],
    "image_URL": "https://static.delhaize.be/medias/sys_master/hca/hcd/11214245560350.jpg",
    "URL": "https://www.delhaize.be/fr/shop/Vins-and-bulles/Bulles/Prosecco/Blanc/Prosecco-Brut/p/S2015102803610730000",
    "country_origin": "Italië",
    "Wine_Description": "L'amour et la passion pour l'Italië ont conduit Francesco Mionetto à ouvrir une cave à vin en 1887 sur les collines de Valdobbiadene. Cette commune se situe dans la province italienne de Trévise, au coeur de la région du Prosecco. Avec plus de 130 ans d'expérience, la maison jouit d'une réputation internationale dans la production de vins Mousserende wijn. Mionetto est ainsi devenu l'un des plus grands acteurs italiens dans le domaine du Prosecco.  En 2008, Mionetto a lié son destin à celui du groupe allemand Henkell International. L'acquisition par l'un des principaux producteurs européens de vins Mousserende wijn a créé de nouvelles opportunités de croissance tant sur le marché italien que sur le marché international.  En utilisant exclusivement des raisins glera de Trévise, on obtient un Prosecco aux aroma's de pomme Golden, de réglisse et d'acacia.",
    "promotion": "",
    "Alcohol_percentage": "11",
    "Volume": "0.750l",
    "Type_of_Cap": "Natuurlijke kurk",
    "Type_of_wine": "brut",
    "Color": "Wit",
    "Type_of_Box": "Karton",
    "Millésime": null
  },
  {
    "id": "9ad6c617-2e10-44ac-b1bc-7430adfc6e59",
    "Product_name": "Umanu | Île de Beauté | 3 l | Delhaize",
    "Price": "15,99 €",
    "Price_per_liter": "5,33 €/l",
    "Wine_Varieties": "50% Vermentino, 50% Chardonnay",
    "vegetarian": "False",
    "vegan": "False",
    "food_pairing": [
      "Charcuterie",
      "Salade",
      "Zeevruchten"
    ],
    "image_URL": "https://static.delhaize.be/medias/sys_master/hb7/hf0/12431182856222.jpg",
    "URL": "https://www.delhaize.be/fr/shop/Vins-and-bulles/Vins-blancs/France/Corse/Ile-de-Beaute/p/S2020040100415830000",
    "country_origin": "Frankrijk",
    "Wine_Description": "Marque produite par la coopérative de haute qualité « Vignerons Corsicans » à Borgo, une ville située au nord-est de la Corse.   Assemblage de chardonnay et de vermentinu local, vin de plaisir et de caractère aux tonen de fleurs et de fruits blancs. Il est également juteux et bien frais.",
    "promotion": "",
    "Alcohol_percentage": "11.5",
    "Volume": "3.0l",
    "Type_of_Cap": "Bag in box",
    "Type_of_wine": "droog",
    "Color": "Wit",
    "Type_of_Box": "Karton",
    "Millésime": null
  },
  {
    "id": "ad7f1fbd-faa2-4f41-9ea9-86ca1d520b10",
    "Product_name": "Altano | Douro | 75 cl | Delhaize",
    "Price": "7,99 €",
    "Price_per_liter": "10,65 €/l",
    "Wine_Varieties": "40% Malvasia (Malmsey), 30% Viosinho, 20% Moscatel Galego, 10% Arinto",
    "vegetarian": "True",
    "vegan": "True",
    "food_pairing": [
      "Vis",
      "Zeevruchten"
    ],
    "image_URL": "https://static.delhaize.be/medias/sys_master/h84/h01/12431528427550.jpg",
    "URL": "https://www.delhaize.be/fr/shop/Vins-and-bulles/Vins-blancs/Portugal/Douro/p/S2022051900627650000",
    "country_origin": "Portugal",
    "Wine_Description": "",
    "promotion": "",
    "Alcohol_percentage": "12.5",
    "Volume": "0.750l",
    "Type_of_Cap": "Liège aggloméré",
    "Type_of_wine": "droog",
    "Color": "Wit",
    "Type_of_Box": "Karton",
    "Millésime": "2022"
  },
  {
    "id": "56122a3b-45a3-4ed6-b223-b69abd7470fd",
    "Product_name": "Delhaize | pouch | Pays d'Oc | Chardonnay | 1,5 l | Delhaize",
    "Price": "7,99 €",
    "Price_per_liter": "5,33 €/l",
    "Wine_Varieties": "Chardonnay",
    "vegetarian": "False",
    "vegan": "False",
    "food_pairing": [
      "Vis",
      "Mosselen",
      "Tapas"
    ],
    "image_URL": "https://static.delhaize.be/medias/sys_master/products/h63/h67/12734362288158.jpg",
    "URL": "https://www.delhaize.be/fr/shop/Vins-and-bulles/Vins-blancs/France/pouch-Pays-d-Oc-Chardonnay/p/S2019103100319540000",
    "country_origin": "Frankrijk",
    "Wine_Description": "",
    "promotion": "",
    "Alcohol_percentage": "13",
    "Volume": "1.5l",
    "Type_of_Cap": "Bag in box",
    "Type_of_wine": "droog",
    "Color": "Wit",
    "Type_of_Box": "Karton",
    "Millésime": null
  },
  {
    "id": "62741b26-6178-4727-8bda-83f41a79b7b8",
    "Product_name": "Torres | Celeste Crianza | 75 cl | Delhaize",
    "Price": "15,99 €",
    "Price_per_liter": "21,32 €/l",
    "Wine_Varieties": "100% Tinto Fino",
    "vegetarian": "True",
    "vegan": "True",
    "food_pairing": [
      "Wild"
    ],
    "image_URL": "https://static.delhaize.be/medias/sys_master/h1a/h42/12431049883678.jpg",
    "URL": "https://www.delhaize.be/fr/shop/Vins-and-bulles/Vins-rouges/Espagne/Celeste-Crianza/p/S2023041200695370000",
    "country_origin": "Spanje",
    "Wine_Description": "",
    "promotion": "",
    "Alcohol_percentage": "14",
    "Volume": "0.750l",
    "Type_of_Cap": "Natuurlijke kurk",
    "Type_of_wine": "droog",
    "Color": "Rood",
    "Type_of_Box": "Karton",
    "Millésime": "2020"
  },
  {
    "id": "f15fa8dc-751a-4b60-892d-2c7fec629f55",
    "Product_name": "Delhaize | Côtes du Rhône Villages | 75 cl | Delhaize",
    "Price": "5,49 €",
    "Price_per_liter": "7,32 €/l",
    "Wine_Varieties": "",
    "vegetarian": "False",
    "vegan": "False",
    "food_pairing": [],
    "image_URL": "https://static.delhaize.be/medias/sys_master/he9/hd9/12433895751710.jpg",
    "URL": "https://www.delhaize.be/fr/shop/Vins-and-bulles/Vins-rouges/France/Rhone/Cotes-du-Rhone-Villages/p/S2022080300643580000",
    "country_origin": "Frankrijk",
    "Wine_Description": "",
    "promotion": "",
    "Alcohol_percentage": null,
    "Volume": null,
    "Type_of_Cap": null,
    "Type_of_wine": null,
    "Color": null,
    "Type_of_Box": null,
    "Millésime": null
  },
  {
    "id": "cb1be2be-15c0-484d-9b7b-bf0b1495511b",
    "Product_name": "1000 Stories | Zinfandel | 75 cl | Delhaize",
    "Price": "17,99 €",
    "Price_per_liter": "23,99 €/l",
    "Wine_Varieties": "84% Zinfandel",
    "vegetarian": "False",
    "vegan": "False",
    "food_pairing": [
      "Pizza"
    ],
    "image_URL": "https://static.delhaize.be/medias/sys_master/products/hf7/h61/12687856631838.jpg",
    "URL": "https://www.delhaize.be/fr/shop/Vins-and-bulles/Vins-rouges/Etats-Unis/Zinfandel/p/S2018042700054720000",
    "country_origin": "États-Unis",
    "Wine_Description": "",
    "promotion": "",
    "Alcohol_percentage": "14.5",
    "Volume": "0.750l",
    "Type_of_Cap": "Natuurlijke kurk",
    "Type_of_wine": "droog",
    "Color": "Rood",
    "Type_of_Box": "Karton",
    "Millésime": "2016"
  },
  {
    "id": "e90205dc-2e5f-4992-a9d0-057bb82e00fc",
    "Product_name": "Bons Ventos | Vinho Regional Lisboa | 3 l | Delhaize",
    "Price": "14,99 €",
    "Price_per_liter": "5,00 €/l",
    "Wine_Varieties": "50% Castelão, 10% Touriga Nacional",
    "vegetarian": "True",
    "vegan": "True",
    "food_pairing": [
      "Steak"
    ],
    "image_URL": "https://static.delhaize.be/medias/sys_master/ha4/hb7/12431520563230.jpg",
    "URL": "https://www.delhaize.be/fr/shop/Vins-and-bulles/Vins-rouges/Les-cubi/Vinho-Regional-Lisboa/p/S2021091300577730000",
    "country_origin": "Portugal",
    "Wine_Description": "",
    "promotion": "",
    "Alcohol_percentage": "13",
    "Volume": "3.0l",
    "Type_of_Cap": "Bag in box",
    "Type_of_wine": "demi-droog",
    "Color": "Rood",
    "Type_of_Box": "Karton",
    "Millésime": "2019"
  },
  {
    "id": "5029edff-69b4-4f52-8e34-e22340764087",
    "Product_name": "Night Orient | alcoholvrije wijn | Rosé | 75 cl | Delhaize",
    "Price": "5,99 €",
    "Price_per_liter": "7,99 €/l",
    "Wine_Varieties": "",
    "vegetarian": "False",
    "vegan": "False",
    "food_pairing": [],
    "image_URL": "https://static.delhaize.be/medias/sys_master/products/h58/h09/13058424274974.jpg",
    "URL": "https://www.delhaize.be/fr/shop/Vins-and-bulles/Vins-et-mousseux-sans-alcool/Vins/vin-sans-alcool-Rose/p/S2018072300086860000",
    "country_origin": "Frankrijk",
    "Wine_Description": "",
    "promotion": "2+1 Gratis",
    "Alcohol_percentage": "0",
    "Volume": "0.750l",
    "Type_of_Cap": null,
    "Type_of_wine": null,
    "Color": null,
    "Type_of_Box": null,
    "Millésime": null
  },
  {
    "id": "4a4e562b-f240-4a7f-bc07-44614a7c0cad",
    "Product_name": "Montinho Sao Miguel | Reserva | 75 cl | Delhaize",
    "Price": "6,99 €",
    "Price_per_liter": "9,32 €/l",
    "Wine_Varieties": "50% Alicante Bouschet, 30% Aragonez, 10% Touriga Nacional, 10% Cabernet Sauvignon",
    "vegetarian": "True",
    "vegan": "True",
    "food_pairing": [
      "Lam",
      "Gebraden",
      "Steak"
    ],
    "image_URL": "https://static.delhaize.be/medias/sys_master/h98/hd0/12430899871774.jpg",
    "URL": "https://www.delhaize.be/fr/shop/Vins-and-bulles/Vins-rouges/Portugal/Reserva/p/S2021021800512130000",
    "country_origin": "Portugal",
    "Wine_Description": "",
    "promotion": "",
    "Alcohol_percentage": "14",
    "Volume": "0.750l",
    "Type_of_Cap": "Dop",
    "Type_of_wine": "droog",
    "Color": "Rood",
    "Type_of_Box": "Karton",
    "Millésime": "2019"
  },
  {
    "id": "20c7db9b-a066-401e-82f2-eaa4787f349f",
    "Product_name": "Herederos Marques De Riscal | Reserva | Rioja | 75 cl | Delhaize",
    "Price": "17,49 €",
    "Price_per_liter": "23,32 €/l",
    "Wine_Varieties": "96% Tempranillo, 4% Graciano",
    "vegetarian": "True",
    "vegan": "True",
    "food_pairing": [
      "Barbecue",
      "Kaasplank",
      "Gegrild vlees"
    ],
    "image_URL": "https://static.delhaize.be/medias/sys_master/hb7/h53/12431039528990.jpg",
    "URL": "https://www.delhaize.be/fr/shop/Vins-and-bulles/Vins-rouges/Espagne/Reserva-Rioja/p/S2022050500579770096",
    "country_origin": "Spanje",
    "Wine_Description": "",
    "promotion": "",
    "Alcohol_percentage": "14.3",
    "Volume": "0.750l",
    "Type_of_Cap": "Natuurlijke kurk",
    "Type_of_wine": "droog",
    "Color": "Rood",
    "Type_of_Box": "Karton",
    "Millésime": "2018"
  },
  {
    "id": "e31c367e-492f-48e4-aa37-3ab8146f07ed",
    "Product_name": "Casillero | Cabernet Sauvignon | 75 cl | Delhaize",
    "Price": "6,99 €",
    "Price_per_liter": "9,32 €/l",
    "Wine_Varieties": "85% Cabernet Sauvignon, 6.81% Syrah, 2.82% Cabernet Franc, 2.87% Red Blend, 2.5% Carignan",
    "vegetarian": "True",
    "vegan": "True",
    "food_pairing": [
      "Barbecue",
      "Steak"
    ],
    "image_URL": "https://static.delhaize.be/medias/sys_master/hc5/ha2/12433498079262.jpg",
    "URL": "https://www.delhaize.be/fr/shop/Vins-and-bulles/Vins-rouges/Chili/Cabernet-Sauvignon/p/S2014081900220970013",
    "country_origin": "Chili",
    "Wine_Description": "Vivement recommandé pour ceux qui ont le Chili sur leur liste de pays à visiter. Le magnifique vieux chai de Casillero est ouvert au public et se trouve à courte distance de la capitale Santiago. C'est le coeur de la vallée de Maipo, qui est aussi qualifiée de « Bordelais d'Amérique du Sud ».  C'est n'est pas un cabernet bordelais, mais un cabernet aux allures méridionales : fruits noirs mûrs, mûres et cassis, très onctueux et épicé, sans perdre en frisheid.",
    "promotion": "",
    "Alcohol_percentage": "13.8",
    "Volume": "0.750l",
    "Type_of_Cap": "Schroefdop",
    "Type_of_wine": "droog",
    "Color": "Rood",
    "Type_of_Box": "Karton",
    "Millésime": "2019"
  },
  {
    "id": "255e2a7f-9de4-4b4c-9777-758c2dd289a2",
    "Product_name": "Santa Julia | Malbec | 75 cl | Delhaize",
    "Price": "5,99 €",
    "Price_per_liter": "7,99 €/l",
    "Wine_Varieties": "100% Malbec",
    "vegetarian": "False",
    "vegan": "False",
    "food_pairing": [
      "Gebraden"
    ],
    "image_URL": "https://static.delhaize.be/medias/sys_master/h2f/ha7/12433943658526.jpg",
    "URL": "https://www.delhaize.be/fr/shop/Vins-and-bulles/Vins-rouges/Argentine/Malbec/p/S2020010200339280000",
    "country_origin": "Argentinië",
    "Wine_Description": "",
    "promotion": "",
    "Alcohol_percentage": "13.5",
    "Volume": "0.750l",
    "Type_of_Cap": "Schroefdop",
    "Type_of_wine": "droog",
    "Color": "Rood",
    "Type_of_Box": "Karton",
    "Millésime": "2019"
  },
  {
    "id": "6720acf7-429d-4b55-a8fa-84d117bbba58",
    "Product_name": "Grandgousier | Vin de France | 1 l | Delhaize",
    "Price": "3,99 €",
    "Price_per_liter": "3,99 €/l",
    "Wine_Varieties": "Carignan, Cinsault, Grenache",
    "vegetarian": "False",
    "vegan": "False",
    "food_pairing": [
      "Varkensvlees",
      "Worst",
      "Steak"
    ],
    "image_URL": "https://static.delhaize.be/medias/sys_master/h35/hcf/12429060898846.jpg",
    "URL": "https://www.delhaize.be/fr/shop/Vins-and-bulles/Vins-rouges/France/Languedoc-Rousillon/Vin-de-France/p/S2010110900210010010",
    "country_origin": "Frankrijk",
    "Wine_Description": "Par « Vin de Frankrijk » ou anciennement « vin de table », le législateur signifie que le vin peut provenir de n'importe quelle région de production française. Ce Grandgousier, un mélange de cépages méridionaux comme le carignan, le cinsault et le grenache, vient du Languedoc gorgé de soleil et surprend par son agréable Fruité, surtout de cerise, framboise et confiture aux quatre fruits, des tannines glissants et une accessibilité aisée.",
    "promotion": "",
    "Alcohol_percentage": "12",
    "Volume": "1.0l",
    "Type_of_Cap": "Schroefdop",
    "Type_of_wine": "droog",
    "Color": "Rood",
    "Type_of_Box": "Karton",
    "Millésime": "2017"
  },
  {
    "id": "49a5529e-a2fd-4685-9176-49f723788df4",
    "Product_name": "Santa Tierra | Grand Cru Costa Estate | Sauvignon Wit | 75 cl | Delhaize",
    "Price": "9,99 €",
    "Price_per_liter": "13,32 €/l",
    "Wine_Varieties": "100% Sauvignon Blanc",
    "vegetarian": "True",
    "vegan": "True",
    "food_pairing": [
      "Vis",
      "Pasta",
      "Zeevruchten"
    ],
    "image_URL": "https://static.delhaize.be/medias/sys_master/hb8/ha5/12431246753822.jpg",
    "URL": "https://www.delhaize.be/fr/shop/Vins-and-bulles/Vins-blancs/Chili/Grand-Cru-Costa-Estate-Sauvignon-Blanc/p/S2017113001370160000",
    "country_origin": "Chili",
    "Wine_Description": "Casa Silva est une entreprise viticole unique. Une autre véritable entreprise familiale, fondée en 1892, dirigée par la cinquième génération, avec à sa tête Mario Pablo Silva. Le domaine est situé dans le village d'Angostura, au sud de Santiago. On y trouve encore une authentique bodega. Il y a des vignobles à Los Lingues, au pied des Andes (principalement du carmenere), à Lolol, à l'ouest de la vallée plus fraîche de Colchagua (viognier et syrah) et à Paredones, à 8 kilomètres à peine de l'océan (pinot noir, sauvignon Wit et chardonnay)..  Sauvignon Wit frais et aromatique, avec des aroma's frais d'agrumes et de fruits exotiques.",
    "promotion": "",
    "Alcohol_percentage": "13.5",
    "Volume": "0.750l",
    "Type_of_Cap": "Natuurlijke kurk",
    "Type_of_wine": "droog",
    "Color": "Wit",
    "Type_of_Box": "Karton",
    "Millésime": "2017"
  },
  {
    "id": "10900f0a-bbe7-45d1-abe6-a4d908851e52",
    "Product_name": "Lindeman's | Bin 45 | Cabernet Sauvignon | 75 cl | Delhaize",
    "Price": "6,99 €",
    "Price_per_liter": "9,32 €/l",
    "Wine_Varieties": "100% Cabernet Sauvignon",
    "vegetarian": "False",
    "vegan": "False",
    "food_pairing": [
      "Lam",
      "Steak"
    ],
    "image_URL": "https://static.delhaize.be/medias/sys_master/h53/hb2/12433570627614.jpg",
    "URL": "https://www.delhaize.be/fr/shop/Vins-and-bulles/Vins-rouges/Australie/Bin-45-Cabernet-Sauvignon/p/S2014011500229140013",
    "country_origin": "Australië",
    "Wine_Description": "Étonnamment, la maison Lindemans a été fondée par un... médecin ! Le Dr Henry J. Lindeman a en effet décidé de voyager à travers l'Europe après ses études à Londres. Il a tout particulièrement apprécié la Méditerranée. Il a constaté, à sa grande surprise, que la qualité de vie y était nettement meilleure, grâce au vin et à la cuisine méditerranéenne. Ce fut le point de départ d'un changement de carrière.  Cabernet mûr aux saveurs généreuses dans le verre, fruits foncés, surtout le cassis et la liqueur de cerises, rond et suave, très accessible.",
    "promotion": "",
    "Alcohol_percentage": "13.5",
    "Volume": "0.750l",
    "Type_of_Cap": "Schroefdop",
    "Type_of_wine": "droog",
    "Color": "Rood",
    "Type_of_Box": "Karton",
    "Millésime": "2018"
  },
  {
    "id": "07ac367d-7995-4538-b6ee-09e7011b04b4",
    "Product_name": "Duval-Leroy | Champagne | Brut | 75 cl | Delhaize",
    "Price": "34,99 €",
    "Price_per_liter": "46,65 €/l",
    "Wine_Varieties": "60% Pinot Noir, 30% Meunier, 10% Chardonnay",
    "vegetarian": "True",
    "vegan": "True",
    "food_pairing": [
      "Barbecue",
      "Vis",
      "Foie gras"
    ],
    "image_URL": "https://static.delhaize.be/medias/sys_master/hf6/hc5/11282751750174.jpg",
    "URL": "https://www.delhaize.be/fr/shop/Vins-and-bulles/Bulles/Champagne/Blanc/Champagne-Brut/p/S1995101000240270000",
    "country_origin": "Frankrijk",
    "Wine_Description": "Maison de Champagne réputée, fondée en 1859 des suites de l'association des familles Duval et Leroy à Vertus. Après le décès de son mari en 1991, c'est notre compatriote Carol Duval-Leroy, l'une des femmes les plus actives et les plus innovantes dans le monde du Champagne, qui dirige l'entreprise. Son vignoble s'étend sur 200 ha, dont une grande partie de Grands Crus sur la célèbre Côte des Blancs (au sud d'Epernay). Aujourd'hui, il s'agit de l'une des dernières grandes maisons de Champagne familiales. En cave aussi, on retrouve une femme : Sandrine Logette-Jardin, une viticultrice de renom, qui a créé beaucoup de nouvelles cuvées ces dernières années.  Le brut Réserve (60% pinot noir, 30% pinot meunier et 10% chardonnay) constitue en quelque sorte la carte de visite de la maison. Élégant et joliment Fruité, avec une frisheid impeccable.",
    "promotion": "",
    "Alcohol_percentage": "12",
    "Volume": "0.750l",
    "Type_of_Cap": "Natuurlijke kurk",
    "Type_of_wine": "brut",
    "Color": "Wit",
    "Type_of_Box": "Karton",
    "Millésime": null
  },
  {
    "id": "404d5ef9-9411-4c2c-a52c-b5b9490cdd98",
    "Product_name": "Leçon | N°2 | Coteaux-du-Languedoc | 2023 | 75 cl | Delhaize",
    "Price": "6,99 €",
    "Price_per_liter": "9,32 €/l",
    "Wine_Varieties": "55% Grenache Blanc, 25% Marsanne, 20% Vermentino",
    "vegetarian": "True",
    "vegan": "True",
    "food_pairing": [
      "Vis",
      "Gevogelte"
    ],
    "image_URL": "https://static.delhaize.be/medias/sys_master/products/h47/h4a/13185245708318.jpg",
    "URL": "https://www.delhaize.be/fr/shop/Vins-and-bulles/Vins-blancs/Exclusivites-en-ligne/France-Autres-regions/N-2-Coteaux-du-Languedoc-2023/p/S2022121900543140096",
    "country_origin": "Frankrijk",
    "Wine_Description": "",
    "promotion": "",
    "Alcohol_percentage": "14",
    "Volume": "0.750l",
    "Type_of_Cap": "Liège aggloméré",
    "Type_of_wine": "droog",
    "Color": "Wit",
    "Type_of_Box": "Hout",
    "Millésime": "2022"
  },
  {
    "id": "738d4ed8-b767-44d5-9033-2561391345ca",
    "Product_name": "19 Crimes | Chardonnay | 75 cl | Delhaize",
    "Price": "9,99 €",
    "Price_per_liter": "13,32 €/l",
    "Wine_Varieties": "100% Chardonnay",
    "vegetarian": "True",
    "vegan": "False",
    "food_pairing": [
      "Zeevruchten"
    ],
    "image_URL": "https://static.delhaize.be/medias/sys_master/products/hf3/h7f/12884580466718.jpg",
    "URL": "https://www.delhaize.be/fr/shop/Vins-and-bulles/Vins-blancs/Australie/Chardonnay/p/S2020050800427420000",
    "country_origin": "Australië",
    "Wine_Description": "",
    "promotion": "",
    "Alcohol_percentage": "13.5",
    "Volume": "0.750l",
    "Type_of_Cap": "Natuurlijke kurk",
    "Type_of_wine": "droog",
    "Color": "Wit",
    "Type_of_Box": "Karton",
    "Millésime": "2019"
  },
  {
    "id": "dff91455-3ff4-455e-895d-4d02e0126a8f",
    "Product_name": "Mionetto | Prosecco | Rosé | Brut | 75 cl | Delhaize",
    "Price": "10,99 €",
    "Price_per_liter": "14,65 €/l",
    "Wine_Varieties": "",
    "vegetarian": "False",
    "vegan": "False",
    "food_pairing": [],
    "image_URL": "https://static.delhaize.be/medias/sys_master/h04/hd5/10592937836574.jpg",
    "URL": "https://www.delhaize.be/fr/shop/Vins-and-bulles/Bulles/Prosecco/Rose/Prosecco-Rose-Brut/p/S2020110500469850000",
    "country_origin": "Italië",
    "Wine_Description": "",
    "promotion": "",
    "Alcohol_percentage": null,
    "Volume": null,
    "Type_of_Cap": null,
    "Type_of_wine": null,
    "Color": null,
    "Type_of_Box": null,
    "Millésime": null
  },
  {
    "id": "4acaf9a2-25be-4a2e-b707-b18c4fc1e7c4",
    "Product_name": "Sarget de Gruaud Larose | Saint-Julien | 2019 | 75 cl | Delhaize",
    "Price": "33,99 €",
    "Price_per_liter": "45,32 €/l",
    "Wine_Varieties": "61% Cabernet Sauvignon, 29% Merlot, 7% Cabernet Franc, 3% Petit Verdot",
    "vegetarian": "True",
    "vegan": "False",
    "food_pairing": [
      "Wild"
    ],
    "image_URL": "https://static.delhaize.be/medias/sys_master/products/hdd/h24/13112107565086.jpg",
    "URL": "https://www.delhaize.be/fr/shop/Vins-and-bulles/Exclusivites-online/Vins-rouges/France-Bordeaux/Saint-Julien-2019/p/S2021030100521180000",
    "country_origin": "Frankrijk",
    "Wine_Description": "",
    "promotion": "",
    "Alcohol_percentage": "13.5",
    "Volume": "0.750l",
    "Type_of_Cap": "Natuurlijke kurk",
    "Type_of_wine": "droog",
    "Color": "Rood",
    "Type_of_Box": "Karton",
    "Millésime": "2019"
  },
  {
    "id": "d06e838f-114c-4917-b724-856a467744f6",
    "Product_name": "Vranken | Champagne | Demi-sec | 75 cl | Delhaize",
    "Price": "31,99 €",
    "Price_per_liter": "42,65 €/l",
    "Wine_Varieties": "33% Chardonnay, 33% Pinot Noir, 33% Pinot Meunier",
    "vegetarian": "True",
    "vegan": "True",
    "food_pairing": [
      "Fruit"
    ],
    "image_URL": "https://static.delhaize.be/medias/sys_master/hb9/h08/11189692071966.jpg",
    "URL": "https://www.delhaize.be/fr/shop/Vins-and-bulles/Bulles/Champagne/Blanc/Champagne-Demi-sec/p/S2010080200240290001",
    "country_origin": "Frankrijk",
    "Wine_Description": "Le père de Paul-François Vranken était directeur du département Porsche chez D'Ieteren. Comme à l'époque, l'achat d'une Porsche s'accompagnait obligatoirement du sabrage d'une bouteille de Champagne, et que le Club Porsche de België se rendait fréquemment en Champagne, le jeune Paul-François fut rapidement mis dans le bain. Au milieu des années 70, Vranken s'installe en Champagne et achète sa première marque de Champagne en 1978. Il a ensuite enchaîné les achats de marques. Il est aujourd'hui le deuxième groupe champenois le plus important après la société de luxe LVMH.  La Grande Réserve demi-droog mêle parfaitement frisheid et sucre résiduel. aroma's de fruits blancs et de brioche, légèrement crémeux et d'une excellente frisheid en finale.",
    "promotion": "",
    "Alcohol_percentage": "12.5",
    "Volume": "0.750l",
    "Type_of_Cap": "Natuurlijke kurk",
    "Type_of_wine": "demi-droog",
    "Color": "Wit",
    "Type_of_Box": "Karton",
    "Millésime": null
  },
  {
    "id": "1319b914-75f1-4dcd-9a59-3019e48f1914",
    "Product_name": "Hola | Barrik | Biologisch | 3 l | Delhaize",
    "Price": "19,99 €",
    "Price_per_liter": "6,66 €/l",
    "Wine_Varieties": "100% Monastrell",
    "vegetarian": "True",
    "vegan": "True",
    "food_pairing": [
      "Barbecue",
      "Charcuterie",
      "Lam"
    ],
    "image_URL": "https://static.delhaize.be/medias/sys_master/products/h9a/haf/12834561753118.jpg",
    "URL": "https://www.delhaize.be/fr/shop/Vins-and-bulles/Vins-rouges/Les-cubi/Barrik-Bio/p/S2021031500526820000",
    "country_origin": "Spanje",
    "Wine_Description": "Hola, « bonjour » en espagnol, a été créé par Bodegas Desde Barcelona, une marque branchée qui veut souligner l'atmosphère exubérante de Barcelone. Sur les bouteilles trône « El Flor » de Barcelone. Il s'agit de la dalle de trottoir typique en forme de fleur, icône de la métropole, que l'on voit partout dans les rues de Barcelone.   Dérivé du français « barrique », ce « Barrik » est le premier ‘bag-in-barrel'. Par respect pour le patrimoine et la qualité des vins qui y ont été élaborés il y a longtemps et qui le sont encore aujourd'hui.   Et un tel Barrik présente de nombreux avantages : facile à transporter et à réfrigérer, pratique à utiliser, il attire tous les regards sur la table. Une fois le fût vide, ne le jetez pas ! Nettoyez-le et vous aurez le parfait seau à vin pour votre maison !  Un vin Rood juteux et épicé à base de grenache, avec principalement de la cerise et des fruits des Hout, de la réglisse et du cèdre, une belle frisheid avec des tonen d'amertume en fin de bouc",
    "promotion": "",
    "Alcohol_percentage": "14.5",
    "Volume": "3.0l",
    "Type_of_Cap": "Bag in box",
    "Type_of_wine": "droog",
    "Color": "Rood",
    "Type_of_Box": "Karton",
    "Millésime": "2022"
  },
  {
    "id": "fe23e60d-7f43-4e00-984e-ffd17af3e137",
    "Product_name": "Vinas Del Vero | Cabernet Sauvignon | 75 cl | Delhaize",
    "Price": "5,99 €",
    "Price_per_liter": "7,99 €/l",
    "Wine_Varieties": "100% Cabernet Sauvignon",
    "vegetarian": "True",
    "vegan": "True",
    "food_pairing": [
      "Pittige gerechten",
      "Steak",
      "Ragout"
    ],
    "image_URL": "https://static.delhaize.be/medias/sys_master/h71/h86/12433883627550.jpg",
    "URL": "https://www.delhaize.be/fr/shop/Vins-and-bulles/Vins-rouges/Espagne/Cabernet-Sauvignon/p/S2022021000605080000",
    "country_origin": "Spanje",
    "Wine_Description": "",
    "promotion": "",
    "Alcohol_percentage": "13.5",
    "Volume": "0.750l",
    "Type_of_Cap": "Natuurlijke kurk",
    "Type_of_wine": "droog",
    "Color": "Rood",
    "Type_of_Box": "Karton",
    "Millésime": "2022"
  },
  {
    "id": "ac5aeee2-76ce-4be4-a754-210ed7c5815f",
    "Product_name": "Ziegler | Crémant d'Alsace | Brut | 75 cl | Delhaize",
    "Price": "11,49 €",
    "Price_per_liter": "15,32 €/l",
    "Wine_Varieties": "100% Pinot Blanc",
    "vegetarian": "True",
    "vegan": "True",
    "food_pairing": [
      "Aperitief",
      "Vis",
      "Fromages doux"
    ],
    "image_URL": "https://static.delhaize.be/medias/sys_master/h21/h03/10975762907166.jpg",
    "URL": "https://www.delhaize.be/fr/shop/Vins-and-bulles/Bulles/Cremant/Blanc/Cremant-d-Alsace-Brut/p/S1993060800239030000",
    "country_origin": "Frankrijk",
    "Wine_Description": "Parmi tous les crémants, celui d'Alsace est le plus consommé dans notre pays. Produit de la même manière que le Champagne, à savoir deuxième fermentation en bouteille et à base d'une série de cépages prescrits par la loi : pinot Wit, auxerrois, riesling, pinot noir, pinot gris et chardonnay. L'Alsace produit du vin Mousserende wijn depuis la fin du XIXe siècle, mais il va falloir attendre 1976 pour voir la reconnaissance officielle du Crémant.  L'imposante maison Ziegler opte pour une variante très fraîche et assez astringente, gorgée de tonen florales, de fruits croquants, avec une agréable acidité.",
    "promotion": "",
    "Alcohol_percentage": "12.5",
    "Volume": "0.750l",
    "Type_of_Cap": "Natuurlijke kurk",
    "Type_of_wine": "brut",
    "Color": "Wit",
    "Type_of_Box": "Karton",
    "Millésime": null
  },
  {
    "id": "e8737074-e62d-4c6c-b015-87aacadcf0a3",
    "Product_name": "Bernard-Massard | Demi-sec | 75 cl | Delhaize",
    "Price": "12,49 €",
    "Price_per_liter": "16,65 €/l",
    "Wine_Varieties": "Chardonnay, Pinot Blanc, Pinot Noir",
    "vegetarian": "True",
    "vegan": "True",
    "food_pairing": [
      "Fruit",
      "Dessert",
      "Tapas"
    ],
    "image_URL": "https://static.delhaize.be/medias/sys_master/h6f/h9d/11632067051550.jpg",
    "URL": "https://www.delhaize.be/fr/shop/Vins-and-bulles/Bulles/Mousseux/Blanc/Demi-sec/p/S1971080100239460000",
    "country_origin": "Luxembourg",
    "Wine_Description": "Bernard-Massard, fondé en 1921 par Jean Bernard Massard à Grevenmacher et presque centenaire, est de loin le plus grand producteur de vins Mousserende wijn luxembourgeois, élaborés selon la méthode traditionnelle ou seconde fermentation sur bouteille. Véritable entreprise familiale depuis 5 générations, elle produit aujourd'hui 3,5 millions de bouteilles de vins tranquilles et effervescents par an. L'année dernière, des investissements massifs ont été réalisés dans de nouvelles installations de production, faisant de Bernard-Massard l'une des caves les plus modernes d'Europe.   Le demi-droog révèle beaucoup de fruits mûrs et un excellent équilibre entre le légèrement sucré et les acides ludiques.",
    "promotion": "",
    "Alcohol_percentage": "12",
    "Volume": "0.750l",
    "Type_of_Cap": "Natuurlijke kurk",
    "Type_of_wine": "demi-droog",
    "Color": "Wit",
    "Type_of_Box": "Karton",
    "Millésime": null
  },
  {
    "id": "49902c33-7680-45b8-9f6d-9d3631789a88",
    "Product_name": "Lindeman's | Bin 50 | Shiraz | 75 cl | Delhaize",
    "Price": "6,99 €",
    "Price_per_liter": "9,32 €/l",
    "Wine_Varieties": "100% Shiraz",
    "vegetarian": "False",
    "vegan": "False",
    "food_pairing": [
      "Kaasplank",
      "Lam"
    ],
    "image_URL": "https://static.delhaize.be/medias/sys_master/h0d/hd2/12430984478750.jpg",
    "URL": "https://www.delhaize.be/fr/shop/Vins-and-bulles/Vins-rouges/Australie/Bin-50-Shiraz/p/S2015031000214500014",
    "country_origin": "Australië",
    "Wine_Description": "Après ses voyages à travers l'Europe, Henry J. Lindeman a décidé de déménager en Australië avec sa femme Eliza. Il était impressionné par l'état de santé lamentable des colons et pensait que la production de vin pourrait avoir un effet salutaire. Et ce fut le cas !  Le shiraz est en quelque sorte devenu le cépage emblématique de l'Australië. Plus mûr, souvent plus onctueux que la syrah de la vallée du Rhône, mais aussi plus relevé et plus accessible sans perdre en frisheid.",
    "promotion": "",
    "Alcohol_percentage": "13.5",
    "Volume": "0.750l",
    "Type_of_Cap": "Schroefdop",
    "Type_of_wine": "demi-droog",
    "Color": "Rood",
    "Type_of_Box": "Karton",
    "Millésime": "2018"
  },
  {
    "id": "bf861727-2980-4843-bbbf-13008f68d6d7",
    "Product_name": "De Chanceny | Crémant de Loire | Brut | 75 cl | Delhaize",
    "Price": "11,99 €",
    "Price_per_liter": "15,99 €/l",
    "Wine_Varieties": "65% Chenin Blanc, 20% Chardonnay, 15% Cabernet Franc",
    "vegetarian": "True",
    "vegan": "False",
    "food_pairing": [
      "Aperitief",
      "Sushi"
    ],
    "image_URL": "https://static.delhaize.be/medias/sys_master/hae/h0f/11639859380254.jpg",
    "URL": "https://www.delhaize.be/fr/shop/Vins-and-bulles/Bulles/Cremant/Blanc/Cremant-de-Loire-Brut/p/S1991011400239060000",
    "country_origin": "Frankrijk",
    "Wine_Description": "Célèbre vin Mousserende wijn du groupe Alliance Loire. Les raisins utilisés dans l'élaboration de ce Crémant sont issus de sols composés d'argile, de calcaire, de schiste et d'ardoise dans la pointe sud de l'appellation Saumur.   Ce brut est composé d'un assemblage de chenin Wit (65 %), chardonnay (20 %) et cabernet franc (15 %). Les raisins sont vendangés à la main et fermentés à froid afin de préserver au mieux tous les aroma's primaires. Les vins mûrissent pendant un minimum de 18 mois ou en bouteille avant dégorgement (élimination du dépôt). Un Crémant frais et relevé, riche en aroma's de fruits mûrs.",
    "promotion": "",
    "Alcohol_percentage": "12.3",
    "Volume": "0.750l",
    "Type_of_Cap": "Natuurlijke kurk",
    "Type_of_wine": "brut",
    "Color": "Wit",
    "Type_of_Box": "Karton",
    "Millésime": null
  },
  {
    "id": "81a5b0c8-7c1f-4864-b0d8-8f9e41c2781c",
    "Product_name": "Sindo | Rueda | 75 cl | Delhaize",
    "Price": "5,49 €",
    "Price_per_liter": "7,32 €/l",
    "Wine_Varieties": "85% Verdejo, 15% Viura",
    "vegetarian": "True",
    "vegan": "True",
    "food_pairing": [],
    "image_URL": "https://static.delhaize.be/medias/sys_master/h6b/h68/12430912520222.jpg",
    "URL": "https://www.delhaize.be/fr/shop/Vins-and-bulles/Vins-blancs/Espagne/Rueda/p/S2023011800673910000",
    "country_origin": "Spanje",
    "Wine_Description": "",
    "promotion": "",
    "Alcohol_percentage": "13",
    "Volume": "0.750l",
    "Type_of_Cap": "Schroefdop",
    "Type_of_wine": "droog",
    "Color": "Wit",
    "Type_of_Box": "Karton",
    "Millésime": "2022"
  },
  {
    "id": "2aa27498-b0e6-48f3-ae3d-ed3b8187c129",
    "Product_name": "Delapierre | Cava | Brut | 75 cl | Delhaize",
    "Price": "6,99 €",
    "Price_per_liter": "9,32 €/l",
    "Wine_Varieties": "Macabeo, Xarel·lo, Parellada",
    "vegetarian": "True",
    "vegan": "True",
    "food_pairing": [
      "Aperitief",
      "Vis",
      "Tapas"
    ],
    "image_URL": "https://static.delhaize.be/medias/sys_master/h58/h38/12533193211934.jpg",
    "URL": "https://www.delhaize.be/fr/shop/Vins-and-bulles/Bulles/Cava/Blanc/Cava-Brut/p/S2006070300239500000",
    "country_origin": "Spanje",
    "Wine_Description": "Cava rond et accessible à base des trois cépages traditionnels (macabeo, parellada et xarel-lo), bien droog, aroma's d'agrumes et de fruits blancs mûrs, parfait à l'apéritif et pour une réception.",
    "promotion": "",
    "Alcohol_percentage": "11.5",
    "Volume": "0.750l",
    "Type_of_Cap": "Natuurlijke kurk",
    "Type_of_wine": "brut",
    "Color": "Wit",
    "Type_of_Box": "Karton",
    "Millésime": null
  },
  {
    "id": "88eb89ac-d309-452f-8c66-fcfeb6ea5327",
    "Product_name": "La Villa Angeli | rosé | 75 cl | Delhaize",
    "Price": "9,99 €",
    "Price_per_liter": "13,32 €/l",
    "Wine_Varieties": "50% Le sciaccarellu, 25% Le niellucciu, 15% Grenache, 10% Cinsault",
    "vegetarian": "True",
    "vegan": "True",
    "food_pairing": [
      "Charcuterie",
      "Pittige gerechten"
    ],
    "image_URL": "https://static.delhaize.be/medias/sys_master/h67/hb4/12429012860958.jpg",
    "URL": "https://www.delhaize.be/fr/shop/Vins-and-bulles/Vins-roses/France/Corse/rose/p/S2022011700597560000",
    "country_origin": "Frankrijk",
    "Wine_Description": "",
    "promotion": "2+1 Gratis",
    "Alcohol_percentage": "12",
    "Volume": "0.750l",
    "Type_of_Cap": "Bouchon synthétique",
    "Type_of_wine": "droog",
    "Color": "Rosé",
    "Type_of_Box": "Karton",
    "Millésime": "2021"
  },
  {
    "id": "fbe72cb1-c49d-45e7-ab72-8388052d350c",
    "Product_name": "Bollinger | Champagne | Cuvée Spéciale | Brut | 75 cl | Delhaize",
    "Price": "59,99 €",
    "Price_per_liter": "79,99 €/l",
    "Wine_Varieties": "",
    "vegetarian": "False",
    "vegan": "False",
    "food_pairing": [],
    "image_URL": "https://static.delhaize.be/medias/sys_master/hc3/hd4/11741451780126.jpg",
    "URL": "https://www.delhaize.be/fr/shop/Vins-and-bulles/Bulles/Champagne/Blanc/Champagne-Cuvee-Speciale-Brut/p/S1998091500244030000",
    "country_origin": "Frankrijk",
    "Wine_Description": "",
    "promotion": "",
    "Alcohol_percentage": null,
    "Volume": null,
    "Type_of_Cap": null,
    "Type_of_wine": null,
    "Color": null,
    "Type_of_Box": null,
    "Millésime": null
  },
  {
    "id": "fa494c82-a6e1-41af-946e-7f5b2ec00539",
    "Product_name": "Delhaize | Wit de Blancs | 75 cl | Delhaize",
    "Price": "2,99 €",
    "Price_per_liter": "3,99 €/l",
    "Wine_Varieties": "",
    "vegetarian": "False",
    "vegan": "False",
    "food_pairing": [],
    "image_URL": "https://static.delhaize.be/medias/sys_master/h90/hc2/12478180720670.jpg",
    "URL": "https://www.delhaize.be/fr/shop/Vins-and-bulles/Vins-blancs/Espagne/Blanc-de-Blancs/p/S2022070700637460000",
    "country_origin": "Spanje",
    "Wine_Description": "",
    "promotion": "",
    "Alcohol_percentage": null,
    "Volume": null,
    "Type_of_Cap": null,
    "Type_of_wine": null,
    "Color": null,
    "Type_of_Box": null,
    "Millésime": null
  },
  {
    "id": "0077189f-ee0b-4f1c-a281-c4bdb1eb02f3",
    "Product_name": "Plaza Mayor | Verdejo | Biologisch | 75 cl | Delhaize",
    "Price": "3,99 €",
    "Price_per_liter": "5,32 €/l",
    "Wine_Varieties": "",
    "vegetarian": "False",
    "vegan": "False",
    "food_pairing": [],
    "image_URL": "https://static.delhaize.be/medias/sys_master/products/h8a/h33/12749696073758.jpg",
    "URL": "https://www.delhaize.be/fr/shop/Vins-and-bulles/Vins-blancs/Espagne/Verdejo-Bio/p/S2022071900640740000",
    "country_origin": "Spanje",
    "Wine_Description": "",
    "promotion": "",
    "Alcohol_percentage": null,
    "Volume": null,
    "Type_of_Cap": null,
    "Type_of_wine": null,
    "Color": null,
    "Type_of_Box": null,
    "Millésime": null
  },
  {
    "id": "39d12ac4-6b7f-424a-8a91-c348a682922e",
    "Product_name": "Torres | Celeste | Rueda | Verdejo | 75 cl | Delhaize",
    "Price": "7,99 €",
    "Price_per_liter": "10,65 €/l",
    "Wine_Varieties": "100% Verdejo",
    "vegetarian": "True",
    "vegan": "True",
    "food_pairing": [
      "Zeevruchten"
    ],
    "image_URL": "https://static.delhaize.be/medias/sys_master/h65/hff/12433442111518.jpg",
    "URL": "https://www.delhaize.be/fr/shop/Vins-and-bulles/Vins-blancs/Espagne/Celeste-Rueda-Verdejo/p/S2023022700686000000",
    "country_origin": "Spanje",
    "Wine_Description": "",
    "promotion": "",
    "Alcohol_percentage": "13",
    "Volume": "0.750l",
    "Type_of_Cap": "Natuurlijke kurk",
    "Type_of_wine": "demi-droog",
    "Color": "Wit",
    "Type_of_Box": "Karton",
    "Millésime": "2022"
  },
  {
    "id": "210024b9-3e06-4342-9eb0-439a7c59b946",
    "Product_name": "Lindeman's | Bin 85 | Pinot Grigio | 75 cl | Delhaize",
    "Price": "6,99 €",
    "Price_per_liter": "9,32 €/l",
    "Wine_Varieties": "100% Pinot Grigio",
    "vegetarian": "False",
    "vegan": "False",
    "food_pairing": [
      "Salade",
      "Zeevruchten"
    ],
    "image_URL": "https://static.delhaize.be/medias/sys_master/h92/ha4/12431079964702.jpg",
    "URL": "https://www.delhaize.be/fr/shop/Vins-and-bulles/Vins-blancs/Australie/Bin-85-Pinot-Grigio/p/S2015022600226860014",
    "country_origin": "Australië",
    "Wine_Description": "",
    "promotion": "",
    "Alcohol_percentage": "12",
    "Volume": "0.750l",
    "Type_of_Cap": "Schroefdop",
    "Type_of_wine": "droog",
    "Color": "Wit",
    "Type_of_Box": "Karton",
    "Millésime": "2018"
  },
  {
    "id": "8128f444-0631-48b3-a921-52705c014d81",
    "Product_name": "Chateau Merlet | Bordeaux | 75 cl | Delhaize",
    "Price": "6,49 €",
    "Price_per_liter": "8,65 €/l",
    "Wine_Varieties": "52% Merlot, 28% Cabernet Sauvignon, 20% Cabernet Franc",
    "vegetarian": "True",
    "vegan": "True",
    "food_pairing": [
      "Gegrild vlees",
      "Pizza",
      "Gevogelte"
    ],
    "image_URL": "https://static.delhaize.be/medias/sys_master/hcc/hd6/12431108341790.jpg",
    "URL": "https://www.delhaize.be/fr/shop/Vins-and-bulles/Vins-roses/France/Bordeaux/Bordeaux/p/S2021122400310730000",
    "country_origin": "Frankrijk",
    "Wine_Description": "",
    "promotion": "2+1 Gratis",
    "Alcohol_percentage": "11.5",
    "Volume": "0.750l",
    "Type_of_Cap": "Schroefdop",
    "Type_of_wine": "droog",
    "Color": "Rosé",
    "Type_of_Box": "Karton",
    "Millésime": "2021"
  },
  {
    "id": "689ec12e-92cf-4a55-8531-550678c8cd20",
    "Product_name": "Vranken | Champagne | Rosé | Brut | 75 cl | Delhaize",
    "Price": "37,99 €",
    "Price_per_liter": "50,65 €/l",
    "Wine_Varieties": "33% Pinot Meunier, 33% Pinot Noir, 33% Chardonnay",
    "vegetarian": "True",
    "vegan": "True",
    "food_pairing": [
      "Fruit"
    ],
    "image_URL": "https://static.delhaize.be/medias/sys_master/h85/h59/12403951763486.jpg",
    "URL": "https://www.delhaize.be/fr/shop/Vins-and-bulles/Bulles/Champagne/Rose/Champagne-Rose-Brut/p/S2002062500240300000",
    "country_origin": "Frankrijk",
    "Wine_Description": "Le père de Paul-François Vranken était directeur du département Porsche chez D'Ieteren. Comme à l'époque, l'achat d'une Porsche s'accompagnait toujours du sabrage d'une bouteille de Champagne, et que le Club Porsche de België se rendait fréquemment en Champagne, le jeune Paul-François fut rapidement mis dans le bain. Au milieu des années 70, Vranken s'installe en Champagne et achète sa première marque de Champagne en 1978. Il a ensuite enchaîné les achats de marques. Vranken est aujourd'hui le groupe champenois le plus important après la société de luxe LVMH.  Le rosé est un Champagne de caractère dominé par les fruits rouges, la brioche et le pain grillé.",
    "promotion": "",
    "Alcohol_percentage": "12.5",
    "Volume": "0.750l",
    "Type_of_Cap": "Natuurlijke kurk",
    "Type_of_wine": "brut",
    "Color": "Rosé",
    "Type_of_Box": "Karton",
    "Millésime": null
  },
  {
    "id": "7db2ea9b-bd3f-4c75-b698-f10211f645e8",
    "Product_name": "France | Petits Rituels 2024 Rosé | 75 cl | Delhaize",
    "Price": "11,99 €",
    "Price_per_liter": "15,99 €/l",
    "Wine_Varieties": "",
    "vegetarian": "False",
    "vegan": "False",
    "food_pairing": [],
    "image_URL": "https://static.delhaize.be/medias/sys_master/products/hc4/h1d/13136048193566.jpg",
    "URL": "https://www.delhaize.be/fr/shop/Vins-and-bulles/Vins-roses/France/Provence/Petits-Rituels-2024-Rose/p/S2025031900831960000",
    "country_origin": "Frankrijk",
    "Wine_Description": "",
    "promotion": "2+1 Gratis",
    "Alcohol_percentage": null,
    "Volume": null,
    "Type_of_Cap": null,
    "Type_of_wine": null,
    "Color": null,
    "Type_of_Box": null,
    "Millésime": null
  },
  {
    "id": "d8e9d08a-a0c6-40cd-b486-1105d805ff30",
    "Product_name": "Hola | Mediterráneo | Brut | 75 cl | Delhaize",
    "Price": "8,99 €",
    "Price_per_liter": "11,99 €/l",
    "Wine_Varieties": "",
    "vegetarian": "False",
    "vegan": "False",
    "food_pairing": [],
    "image_URL": "https://static.delhaize.be/medias/sys_master/hf2/h94/12175616475166.jpg",
    "URL": "https://www.delhaize.be/fr/shop/Vins-and-bulles/Bulles/Autres-effervescents/Blanc/Mediterraneo-Brut/p/S2020110900470530000",
    "country_origin": "Frankrijk",
    "Wine_Description": "",
    "promotion": "",
    "Alcohol_percentage": null,
    "Volume": null,
    "Type_of_Cap": null,
    "Type_of_wine": null,
    "Color": null,
    "Type_of_Box": null,
    "Millésime": null
  },
  {
    "id": "62ae9647-3cc6-45c8-a8f8-9bb95c5980d5",
    "Product_name": "Vinas Del Vero | Sauvignon Wit | 75 cl | Delhaize",
    "Price": "5,99 €",
    "Price_per_liter": "7,99 €/l",
    "Wine_Varieties": "100% Sauvignon Blanc",
    "vegetarian": "True",
    "vegan": "True",
    "food_pairing": [
      "Charcuterie",
      "Zeevruchten"
    ],
    "image_URL": "https://static.delhaize.be/medias/sys_master/products/hda/hae/12940891226142.jpg",
    "URL": "https://www.delhaize.be/fr/shop/Vins-and-bulles/Vins-blancs/Espagne/Sauvignon-Blanc/p/S2022021000605090000",
    "country_origin": "Spanje",
    "Wine_Description": "",
    "promotion": "",
    "Alcohol_percentage": "12.5",
    "Volume": "0.750l",
    "Type_of_Cap": "Schroefdop",
    "Type_of_wine": "droog",
    "Color": "Wit",
    "Type_of_Box": "Karton",
    "Millésime": "2023"
  },
  {
    "id": "2a2606da-9de9-4654-ae1d-dfcc53b6c475",
    "Product_name": "Casillero | Sauvignon Wit | 75 cl | Delhaize",
    "Price": "6,99 €",
    "Price_per_liter": "9,32 €/l",
    "Wine_Varieties": "100% Sauvignon Blanc",
    "vegetarian": "False",
    "vegan": "False",
    "food_pairing": [
      "Vis",
      "Fromages doux",
      "Groenten"
    ],
    "image_URL": "https://static.delhaize.be/medias/sys_master/ha2/h2b/12431186919454.jpg",
    "URL": "https://www.delhaize.be/fr/shop/Vins-and-bulles/Vins-blancs/Chili/Sauvignon-Blanc/p/S2014071000212190014",
    "country_origin": "Chili",
    "Wine_Description": "Casillero del Diablo est de loin le label le plus réussi de l'imposant domaine Concha y Toro, fondé en 1883 par Don Melchor. Aujourd'hui, c'est une entreprise cotée en bourse avec près de 9.000 hectares de vignes dans les vallées de Maipo, Maule, Rapel, Colchague, Curico et Casablanca. Une grande diversité de cépages et de terroirs.  Casillero del Diablo ou ')la cave du diable') vient d'une légende du 19e siècle lorsque, Don Melchor s'installa dans la ville de Pirque. Quand on a su qu'il produisait d'excellents vins, ses meilleures bouteilles ont mystérieusement commencé à disparaître. Pour contrer ces vols, Don Melchor répandit l'histoire que les parties les plus profondes de sa cave à vin étaient possédées par le diable. Les vols ont cessé et Casillero del Diablo existe encore aujourd'hui !  Sauvignon Wit fermenté en cuve inox, frais et aromatique, agrumes mais aussi fruits tropicaux, bien tendu et nerveux en finale.",
    "promotion": "",
    "Alcohol_percentage": "12.7",
    "Volume": "0.750l",
    "Type_of_Cap": "Schroefdop",
    "Type_of_wine": "droog",
    "Color": "Wit",
    "Type_of_Box": "Karton",
    "Millésime": "2018"
  },
  {
    "id": "67fdbe00-6c1a-4a8b-b29f-dae3bdd5603f",
    "Product_name": "Leopard's Leap | Natura | alcoholvrije wijn | Rood | 75 cl | Delhaize",
    "Price": "6,99 €",
    "Price_per_liter": "9,32 €/l",
    "Wine_Varieties": "",
    "vegetarian": "False",
    "vegan": "False",
    "food_pairing": [],
    "image_URL": "https://static.delhaize.be/medias/sys_master/products/h53/hed/13058420277278.jpg",
    "URL": "https://www.delhaize.be/fr/shop/Vins-and-bulles/Vins-et-mousseux-sans-alcool/Vins/Natura-vin-sans-alcool-Rouge/p/S2020052800431760000",
    "country_origin": "Frankrijk",
    "Wine_Description": "",
    "promotion": "",
    "Alcohol_percentage": "0",
    "Volume": "0.750l",
    "Type_of_Cap": null,
    "Type_of_wine": null,
    "Color": null,
    "Type_of_Box": null,
    "Millésime": null
  },
  {
    "id": "4e4b0e00-eb34-4f9e-8dc3-3011dc8dd877",
    "Product_name": "Mezzacorona | Teroldego | 75 cl | Delhaize",
    "Price": "6,99 €",
    "Price_per_liter": "9,32 €/l",
    "Wine_Varieties": "100% Teroldego",
    "vegetarian": "True",
    "vegan": "True",
    "food_pairing": [
      "Barbecue",
      "Varkensvlees",
      "Worst"
    ],
    "image_URL": "https://static.delhaize.be/medias/sys_master/hce/h52/12433537400862.jpg",
    "URL": "https://www.delhaize.be/fr/shop/Vins-and-bulles/Vins-rouges/Italie/Teroldego/p/S2020122900482650000",
    "country_origin": "Italië",
    "Wine_Description": "",
    "promotion": "",
    "Alcohol_percentage": "13",
    "Volume": "0.750l",
    "Type_of_Cap": "Bouchon synthétique",
    "Type_of_wine": "droog",
    "Color": "Rood",
    "Type_of_Box": "Karton",
    "Millésime": "2021"
  },
  {
    "id": "39d8d4c7-9d62-4743-9fd5-6bd14541f9ce",
    "Product_name": "Santa Tierra | Reserva | Chardonnay | 75 cl | Delhaize",
    "Price": "6,99 €",
    "Price_per_liter": "9,32 €/l",
    "Wine_Varieties": "100% Chardonnay",
    "vegetarian": "True",
    "vegan": "True",
    "food_pairing": [
      "Vis",
      "Pasta",
      "Gevogelte"
    ],
    "image_URL": "https://static.delhaize.be/medias/sys_master/h6e/h66/12431169093662.jpg",
    "URL": "https://www.delhaize.be/fr/shop/Vins-and-bulles/Vins-blancs/Chili/Reserva-Chardonnay/p/S2015021700215570014",
    "country_origin": "Chili",
    "Wine_Description": "",
    "promotion": "",
    "Alcohol_percentage": "13.5",
    "Volume": "0.750l",
    "Type_of_Cap": "Natuurlijke kurk",
    "Type_of_wine": "droog",
    "Color": "Wit",
    "Type_of_Box": "Karton",
    "Millésime": "2018"
  },
  {
    "id": "06348228-438d-411a-bb0f-cd661f7dc253",
    "Product_name": "Oro De Uva | Cava | Demi-sec | 75 cl | Delhaize",
    "Price": "7,99 €",
    "Price_per_liter": "10,65 €/l",
    "Wine_Varieties": "85% Macabeo, 15% Chardonnay",
    "vegetarian": "False",
    "vegan": "False",
    "food_pairing": [
      "Kaasplank",
      "Chocolat",
      "Fruit"
    ],
    "image_URL": "https://static.delhaize.be/medias/sys_master/h95/h66/12497049419806.jpg",
    "URL": "https://www.delhaize.be/fr/shop/Vins-and-bulles/Bulles/Cava/Blanc/Cava-Demi-sec/p/S2010102000239810000",
    "country_origin": "Spanje",
    "Wine_Description": "Bien que la grande majorité des cavas espagnols proviennent de Catalogne, principalement du Penedès, d'autres régions viticoles du pays en produisent également. C'est ainsi le cas à Valence, où deux communes, Utiel et Requena, ont le privilège de produire du vin Mousserende wijn sous l'appellation Cava. À noter que les variétés de base sont exactement les mêmes que celles de Catalogne, à savoir le macabeo, la parellada et le xarel-lo.  L'Oro de Uva semi seco est un Cava demi-droog riche en fruits blancs mûrs et présentant un équilibre sucre-acidité agréable.",
    "promotion": "",
    "Alcohol_percentage": "11.5",
    "Volume": "0.750l",
    "Type_of_Cap": "Natuurlijke kurk",
    "Type_of_wine": "demi-droog",
    "Color": "Wit",
    "Type_of_Box": "Karton",
    "Millésime": null
  },
  {
    "id": "ad85cec0-c5ca-47b2-ae31-0005d1bc2567",
    "Product_name": "Sunrise | Cabernet Sauvignon | 75 cl | Delhaize",
    "Price": "5,99 €",
    "Price_per_liter": "7,99 €/l",
    "Wine_Varieties": "85% Cabernet Sauvignon, 15% Syrah",
    "vegetarian": "False",
    "vegan": "False",
    "food_pairing": [
      "Barbecue"
    ],
    "image_URL": "https://static.delhaize.be/medias/sys_master/ha9/h8c/12431051718686.jpg",
    "URL": "https://www.delhaize.be/fr/shop/Vins-and-bulles/Vins-rouges/Chili/Cabernet-Sauvignon/p/S2014071100219590013",
    "country_origin": "Chili",
    "Wine_Description": "Sunrise est l'une des marques de la célèbre maison viticole Concha y Toro, fondée en 1883 et située à Santiago. C'est de loin le plus grand producteur d'Amérique du Sud avec 8 720 ha de vignes situées à Maipo, Maule, Rapel, Colchagua, Curico et Casablanca. Sunrise est une gamme de vins de cépage, c'est-à-dire des vins issus d'un seul cépage.  Cabernet rond et intensément Fruité avec de tonen de baies noires, de sirop de cassis et des tannines polis.",
    "promotion": "2+1 Gratis",
    "Alcohol_percentage": "12",
    "Volume": "0.750l",
    "Type_of_Cap": "Schroefdop",
    "Type_of_wine": "droog",
    "Color": "Rood",
    "Type_of_Box": "Karton",
    "Millésime": "2020"
  },
  {
    "id": "3319cf97-732c-482c-a06d-d5afec3149c5",
    "Product_name": "Codorniu | Cava | Wit de Blancs | Biologisch | Brut | 75 cl | Delhaize",
    "Price": "14,99 €",
    "Price_per_liter": "19,99 €/l",
    "Wine_Varieties": "",
    "vegetarian": "False",
    "vegan": "False",
    "food_pairing": [],
    "image_URL": "https://static.delhaize.be/medias/sys_master/products/hb9/hed/12871351992350.jpg",
    "URL": "https://www.delhaize.be/fr/shop/Vins-and-bulles/Bulles/Cava/Blanc/Cava-Blanc-de-Blancs-Bio-Brut/p/S2022071400639910000",
    "country_origin": "Spanje",
    "Wine_Description": "",
    "promotion": "",
    "Alcohol_percentage": null,
    "Volume": null,
    "Type_of_Cap": null,
    "Type_of_wine": null,
    "Color": null,
    "Type_of_Box": null,
    "Millésime": null
  },
  {
    "id": "b77f020b-e841-4a24-9b26-a1ea261cccd1",
    "Product_name": "Tara Mea | Joven | Demi-sec | 75 cl | Delhaize",
    "Price": "4,99 €",
    "Price_per_liter": "6,65 €/l",
    "Wine_Varieties": "",
    "vegetarian": "False",
    "vegan": "False",
    "food_pairing": [],
    "image_URL": "https://static.delhaize.be/medias/sys_master/products/hac/h5d/12712814903326.jpg",
    "URL": "https://www.delhaize.be/fr/shop/Vins-and-bulles/Bulles/Cava/Blanc/Joven-Demi-sec/p/S2024022900755910000",
    "country_origin": "Spanje",
    "Wine_Description": "",
    "promotion": "",
    "Alcohol_percentage": null,
    "Volume": null,
    "Type_of_Cap": null,
    "Type_of_wine": null,
    "Color": null,
    "Type_of_Box": null,
    "Millésime": null
  },
  {
    "id": "1235efb0-2fd0-48f7-a17a-259e8455d5c8",
    "Product_name": "Pink Flamingo | Sable de Camargue | Biologisch | 2,25 l | Delhaize",
    "Price": "19,99 €",
    "Price_per_liter": "8,88 €/l",
    "Wine_Varieties": "",
    "vegetarian": "False",
    "vegan": "False",
    "food_pairing": [],
    "image_URL": "https://static.delhaize.be/medias/sys_master/products/hbe/h41/12725053980702.jpg",
    "URL": "https://www.delhaize.be/fr/shop/Vins-and-bulles/Vins-roses/France/Languedoc-Roussillon/Sable-de-Camargue-Bio/p/S2022042000621220000",
    "country_origin": "Frankrijk",
    "Wine_Description": "",
    "promotion": "",
    "Alcohol_percentage": null,
    "Volume": null,
    "Type_of_Cap": null,
    "Type_of_wine": null,
    "Color": null,
    "Type_of_Box": null,
    "Millésime": null
  },
  {
    "id": "249858c0-672c-42e3-af57-cb434b5e3e9d",
    "Product_name": "Santa Julia | High Altitude Vineyards | Malbec | 75 cl | Delhaize",
    "Price": "9,99 €",
    "Price_per_liter": "13,32 €/l",
    "Wine_Varieties": "100% Malbec",
    "vegetarian": "True",
    "vegan": "True",
    "food_pairing": [
      "Barbecue"
    ],
    "image_URL": "https://static.delhaize.be/medias/sys_master/hac/h33/12430888730654.jpg",
    "URL": "https://www.delhaize.be/fr/shop/Vins-and-bulles/Vins-rouges/Argentine/High-Altitude-Vineyards-Malbec/p/S2020041600420850000",
    "country_origin": "Argentinië",
    "Wine_Description": "",
    "promotion": "",
    "Alcohol_percentage": "14.5",
    "Volume": "0.750l",
    "Type_of_Cap": "Diam",
    "Type_of_wine": "droog",
    "Color": "Rood",
    "Type_of_Box": "Karton",
    "Millésime": "2018"
  },
  {
    "id": "0b4f13a8-4c46-4a00-b010-508a1a6dc56d",
    "Product_name": "Faustino | Icon Edition | Rioja | 75 cl | Delhaize",
    "Price": "26,99 €",
    "Price_per_liter": "35,99 €/l",
    "Wine_Varieties": "",
    "vegetarian": "False",
    "vegan": "False",
    "food_pairing": [],
    "image_URL": "https://static.delhaize.be/medias/sys_master/products/hf5/hc7/13151452332062.jpg",
    "URL": "https://www.delhaize.be/fr/shop/Vins-and-bulles/Vins-rouges/Exclusivites-en-ligne/Espagne-and-Portugal/Icon-Edition-Rioja/p/S2024070400777690000",
    "country_origin": "Spanje",
    "Wine_Description": "",
    "promotion": "",
    "Alcohol_percentage": null,
    "Volume": null,
    "Type_of_Cap": null,
    "Type_of_wine": null,
    "Color": null,
    "Type_of_Box": null,
    "Millésime": null
  },
  {
    "id": "2143b637-9984-4089-83fd-19046b87591f",
    "Product_name": "Delhaize | Pays d'Oc | Chardonnay | 3 l | Delhaize",
    "Price": "13,99 €",
    "Price_per_liter": "4,66 €/l",
    "Wine_Varieties": "",
    "vegetarian": "False",
    "vegan": "False",
    "food_pairing": [],
    "image_URL": "https://static.delhaize.be/medias/sys_master/products/haa/h88/12669847699486.jpg",
    "URL": "https://www.delhaize.be/fr/shop/Vins-and-bulles/Vins-blancs/Les-cubi/Pays-d-Oc-Chardonnay/p/S2022042000621750000",
    "country_origin": "Frankrijk",
    "Wine_Description": "",
    "promotion": "",
    "Alcohol_percentage": null,
    "Volume": null,
    "Type_of_Cap": null,
    "Type_of_wine": null,
    "Color": null,
    "Type_of_Box": null,
    "Millésime": null
  },
  {
    "id": "b49e6972-d9dd-4f7c-8726-6a531d845605",
    "Product_name": "Amboscato | Bianco | 75 cl | Delhaize",
    "Price": "5,99 €",
    "Price_per_liter": "7,99 €/l",
    "Wine_Varieties": "100% Moscato",
    "vegetarian": "True",
    "vegan": "False",
    "food_pairing": [
      "Dessert"
    ],
    "image_URL": "https://static.delhaize.be/medias/sys_master/h34/haf/12433854595102.jpg",
    "URL": "https://www.delhaize.be/fr/shop/Vins-and-bulles/Vins-blancs/Italie/Bianco/p/S2021112400589350000",
    "country_origin": "Italië",
    "Wine_Description": "",
    "promotion": "",
    "Alcohol_percentage": "5",
    "Volume": "0.750l",
    "Type_of_Cap": "Schroefdop",
    "Type_of_wine": "doux",
    "Color": "Wit",
    "Type_of_Box": "Karton",
    "Millésime": null
  },
  {
    "id": "f1f58b82-ab3e-4a44-b835-1b49085288bc",
    "Product_name": "Chateau de la Roulerie | Coteaux du Layon 1er Cru Chaume | 2014 | 50 cl | Delhaize",
    "Price": "34,99 €",
    "Price_per_liter": "69,98 €/l",
    "Wine_Varieties": "",
    "vegetarian": "False",
    "vegan": "False",
    "food_pairing": [],
    "image_URL": "https://static.delhaize.be/medias/sys_master/h30/hf3/12383698780190.jpg",
    "URL": "https://www.delhaize.be/fr/shop/Vins-and-bulles/Exclusivites-online/Vins-blancs/France-Autres-regions/Coteaux-du-Layon-1er-Cru-Chaume-2014/p/S2017010403682970000",
    "country_origin": "Frankrijk",
    "Wine_Description": "",
    "promotion": "",
    "Alcohol_percentage": null,
    "Volume": null,
    "Type_of_Cap": null,
    "Type_of_wine": null,
    "Color": null,
    "Type_of_Box": null,
    "Millésime": null
  },
  {
    "id": "2e0d88bd-bae5-4e8a-b9e6-f1e84216022a",
    "Product_name": "Delhaize | Pays d'Oc | Sauvignon Wit | 3 l | Delhaize",
    "Price": "13,99 €",
    "Price_per_liter": "4,66 €/l",
    "Wine_Varieties": "",
    "vegetarian": "False",
    "vegan": "False",
    "food_pairing": [],
    "image_URL": "https://static.delhaize.be/medias/sys_master/h12/hb4/12433995300894.jpg",
    "URL": "https://www.delhaize.be/fr/shop/Vins-and-bulles/Vins-blancs/Les-cubi/Pays-d-Oc-Sauvignon-Blanc/p/S2022042000621360000",
    "country_origin": "Frankrijk",
    "Wine_Description": "",
    "promotion": "",
    "Alcohol_percentage": null,
    "Volume": null,
    "Type_of_Cap": null,
    "Type_of_wine": null,
    "Color": null,
    "Type_of_Box": null,
    "Millésime": null
  },
  {
    "id": "8fe4d912-2adc-4f7e-bb88-82eccebdcfe5",
    "Product_name": "Codorniu | Cava | Rosé | Brut | 20 cl | Delhaize",
    "Price": "2,99 €",
    "Price_per_liter": "14,95 €/l",
    "Wine_Varieties": "50% Garnacha, 50% Monastrell",
    "vegetarian": "True",
    "vegan": "True",
    "food_pairing": [
      "Aperitief",
      "Vis",
      "Tapas"
    ],
    "image_URL": "https://static.delhaize.be/medias/sys_master/products/h44/h51/12687825698846.jpg",
    "URL": "https://www.delhaize.be/fr/shop/Vins-and-bulles/Bulles/Cava/Rose/Cava-Rose-Brut/p/S2016061603655520000",
    "country_origin": "Spanje",
    "Wine_Description": "Saviez-vous que, sous les bâtiments de Codorníu, se trouvent les chais qui forment un réseau de couloirs de 38 kilomètres de long sur 5 étages au total ? Les bâtiments mêmes ont été construits à la fin du XIXe et au début du XXe siècle. Ils ont été conçus par l'architecte Josep Puig i Cadafalch et, en 1976, ont été classés monument national par les autorités catalanes.  La cuvée Rosé est désormais un classique également : légère et très accessible, avec des aroma's de fruits rouges, cassis et crème pâtissière en fin de bouche.",
    "promotion": "",
    "Alcohol_percentage": "12",
    "Volume": "0.200l",
    "Type_of_Cap": "Natuurlijke kurk",
    "Type_of_wine": "brut",
    "Color": "Rosé",
    "Type_of_Box": "Karton",
    "Millésime": null
  },
  {
    "id": "97ae28b9-c86c-4988-8514-ad5c85476758",
    "Product_name": "Hola | Mediterráneo | Rosé | Brut | 75 cl | Delhaize",
    "Price": "8,99 €",
    "Price_per_liter": "11,99 €/l",
    "Wine_Varieties": "",
    "vegetarian": "False",
    "vegan": "False",
    "food_pairing": [],
    "image_URL": "https://static.delhaize.be/medias/sys_master/h73/h7d/12175576301598.jpg",
    "URL": "https://www.delhaize.be/fr/shop/Vins-and-bulles/Bulles/Autres-effervescents/Rose/Mediterraneo-Rose-Brut/p/S2020110900470520000",
    "country_origin": "Frankrijk",
    "Wine_Description": "",
    "promotion": "",
    "Alcohol_percentage": null,
    "Volume": null,
    "Type_of_Cap": null,
    "Type_of_wine": null,
    "Color": null,
    "Type_of_Box": null,
    "Millésime": null
  },
  {
    "id": "17bb8fd1-8c93-40d2-8fc3-9be09ba17be5",
    "Product_name": "Nicolas Feuillatte | Champagne | Grande Réserve | Brut | 75 cl | Delhaize",
    "Price": "29,99 €",
    "Price_per_liter": "39,99 €/l",
    "Wine_Varieties": "",
    "vegetarian": "False",
    "vegan": "False",
    "food_pairing": [],
    "image_URL": "https://static.delhaize.be/medias/sys_master/products/hb4/hef/12864512720926.jpg",
    "URL": "https://www.delhaize.be/fr/shop/Vins-and-bulles/Bulles/Champagne/Blanc/Champagne-Grande-Reserve-Brut/p/S2022092600654490000",
    "country_origin": "Frankrijk",
    "Wine_Description": "",
    "promotion": "",
    "Alcohol_percentage": null,
    "Volume": null,
    "Type_of_Cap": null,
    "Type_of_wine": null,
    "Color": null,
    "Type_of_Box": null,
    "Millésime": null
  },
  {
    "id": "791c9416-34f8-4eb8-bab1-a94e803efd37",
    "Product_name": "Hola | Hola | Biologisch | 75 cl | Delhaize",
    "Price": "7,99 €",
    "Price_per_liter": "10,65 €/l",
    "Wine_Varieties": "50% Tempranillo, 25% Garnacha, 25% Syrah",
    "vegetarian": "True",
    "vegan": "True",
    "food_pairing": [
      "Barbecue",
      "Charcuterie",
      "Kaasplank"
    ],
    "image_URL": "https://static.delhaize.be/medias/sys_master/products/hd2/hdf/13202588303390.jpg",
    "URL": "https://www.delhaize.be/fr/shop/Vins-and-bulles/Vins-roses/Espagne/Hola-Bio/p/S2021032200529120000",
    "country_origin": "Spanje",
    "Wine_Description": "",
    "promotion": "2+1 Gratis",
    "Alcohol_percentage": "11.5",
    "Volume": "0.750l",
    "Type_of_Cap": "Natuurlijke kurk",
    "Type_of_wine": "droog",
    "Color": "Rosé",
    "Type_of_Box": "Karton",
    "Millésime": "2021"
  },
  {
    "id": "1d5d80f4-a11f-4dd1-805b-c44add91fe8b",
    "Product_name": "Serras De Azeitao | red | 75 cl | Delhaize",
    "Price": "5,99 €",
    "Price_per_liter": "7,99 €/l",
    "Wine_Varieties": "75% Aragonez, 25% Alicante Bouschet",
    "vegetarian": "True",
    "vegan": "True",
    "food_pairing": [
      "Gegrild vlees"
    ],
    "image_URL": "https://static.delhaize.be/medias/sys_master/products/he2/h05/13058495250462.jpg",
    "URL": "https://www.delhaize.be/fr/shop/Vins-and-bulles/Vins-rouges/Portugal/red/p/S2022071300639410000",
    "country_origin": "Portugal",
    "Wine_Description": "",
    "promotion": "",
    "Alcohol_percentage": "13",
    "Volume": "0.750l",
    "Type_of_Cap": "Dop",
    "Type_of_wine": "droog",
    "Color": "Rood",
    "Type_of_Box": "Karton",
    "Millésime": "2021"
  },
  {
    "id": "14f7af6c-d851-4895-9acc-e55d2eeeb81e",
    "Product_name": "Montinho Sao Miguel | Vinho Regional Alentejano | 75 cl | Delhaize",
    "Price": "4,99 €",
    "Price_per_liter": "6,65 €/l",
    "Wine_Varieties": "50% Aragonez, 25% Touriga Nacional, 25% Syrah",
    "vegetarian": "True",
    "vegan": "True",
    "food_pairing": [
      "Barbecue"
    ],
    "image_URL": "https://static.delhaize.be/medias/sys_master/hed/h5e/12431423176734.jpg",
    "URL": "https://www.delhaize.be/fr/shop/Vins-and-bulles/Vins-roses/Autres/Vinho-Regional-Alentejano/p/S2022010600492720098",
    "country_origin": "Portugal",
    "Wine_Description": "",
    "promotion": "2+1 Gratis",
    "Alcohol_percentage": "12.5",
    "Volume": "0.750l",
    "Type_of_Cap": "Schroefdop",
    "Type_of_wine": "droog",
    "Color": "Rosé",
    "Type_of_Box": "Karton",
    "Millésime": "2021"
  },
  {
    "id": "35c98117-3de6-43c8-954d-465069a39ce7",
    "Product_name": "Chevalier | Crémant de Bourgogne | Rosé | Brut | 75 cl | Delhaize",
    "Price": "14,99 €",
    "Price_per_liter": "19,99 €/l",
    "Wine_Varieties": "45% Chardonnay, 35% Pinot Noir, 15% Gamay, 5% Aligoté",
    "vegetarian": "False",
    "vegan": "False",
    "food_pairing": [
      "Dessert"
    ],
    "image_URL": "https://static.delhaize.be/medias/sys_master/h92/h77/11758006272030.jpg",
    "URL": "https://www.delhaize.be/fr/shop/Vins-and-bulles/Bulles/Cremant/Rose/Cremant-de-Bourgogne-Rose-Brut/p/S2003031000239140000",
    "country_origin": "Frankrijk",
    "Wine_Description": "Les premiers vins Mousserende wijn en Bourgogne remontent à 1830, mais ce n'est qu'en 1975 que l'appellation officielle Crémant de Bourgogne est née. Il peut être produit sur l'ensemble du territoire, qui compte actuellement quelque 2 600 hectares de vignes. Uniquement disponible en Wit et rosé, deuxième fermentation en bouteille et dominance du chardonnay et du pinot noir, même si le gamay, l'aligoté, le melon et le sacy sont également autorisés.  Le rosé est de Color Rosé saumon, il présente de belles perles luxuriantes et réussit à surprendre par ses aroma's agréables de petits fruits rouges et sa finale fraîche.",
    "promotion": "",
    "Alcohol_percentage": "12",
    "Volume": "0.750l",
    "Type_of_Cap": "Liège aggloméré",
    "Type_of_wine": "brut",
    "Color": "Rosé",
    "Type_of_Box": "Karton",
    "Millésime": null
  },
  {
    "id": "f21916f6-1296-43d4-ac4b-011993e63d52",
    "Product_name": "Delhaize | Viré-Clessé | 75 cl | Delhaize",
    "Price": "12,99 €",
    "Price_per_liter": "17,32 €/l",
    "Wine_Varieties": "",
    "vegetarian": "False",
    "vegan": "False",
    "food_pairing": [],
    "image_URL": "https://static.delhaize.be/medias/sys_master/hd6/h0e/12433517084702.jpg",
    "URL": "https://www.delhaize.be/fr/shop/Vins-and-bulles/Vins-blancs/France/Bourgogne/Vire-Clesse/p/S2022072700642090000",
    "country_origin": "Frankrijk",
    "Wine_Description": "",
    "promotion": "",
    "Alcohol_percentage": null,
    "Volume": null,
    "Type_of_Cap": null,
    "Type_of_wine": null,
    "Color": null,
    "Type_of_Box": null,
    "Millésime": null
  },
  {
    "id": "50bc22e2-6ffe-4169-a992-7ba67b11df89",
    "Product_name": "Laurent-Perrier | Champagne | La Cuvée | Brut | 1,5 l | Delhaize",
    "Price": "",
    "Price_per_liter": "",
    "Wine_Varieties": "55% Chardonnay, 35% Pinot Noir, 10% Pino Meunier",
    "vegetarian": "True",
    "vegan": "True",
    "food_pairing": [
      "Gevogelte",
      "Zeevruchten"
    ],
    "image_URL": "https://static.delhaize.be/medias/sys_master/hf5/hab/10313427124254.jpg",
    "URL": "https://www.delhaize.be/fr/shop/Vins-and-bulles/Bulles/Champagne/Blanc/Champagne-La-Cuvee-Brut/p/S2018081400100820000",
    "country_origin": "Frankrijk",
    "Wine_Description": "Célèbre maison de Champagne de Tours-sur-Marne avec une longue tradition (fondée en 1812). Cette maison a commencé à se bâtir une renommée au milieu du siècle dernier avec l'arrivée de Bernard de Nonancourt, qui a réussi à lui donner ses lettres de noblesse. Aujourd'hui, ses deux filles, Stéphanie et Alexandra, sont à la tête de l'entreprise.   La Cuvée brut est un assemblage de quantités étonnamment élevées de chardonnay (55%), complétées par du pinot noir (35%) et du pinot meunier (10%). Un Champagne raffiné aux aroma's d'agrumes, de fleurs blanches, de pêche et de coing. À déguster à l'apéritif.",
    "promotion": "",
    "Alcohol_percentage": "12",
    "Volume": "1.5l",
    "Type_of_Cap": "Natuurlijke kurk",
    "Type_of_wine": "brut",
    "Color": "Wit",
    "Type_of_Box": "Karton",
    "Millésime": null
  },
  {
    "id": "5f9f3088-9239-4e2c-86da-52aa5b5c8522",
    "Product_name": "19 Crimes | The Banished Dark Red | 75 cl | Delhaize",
    "Price": "10,99 €",
    "Price_per_liter": "14,65 €/l",
    "Wine_Varieties": "100% Various",
    "vegetarian": "False",
    "vegan": "False",
    "food_pairing": [
      "Barbecue",
      "Chocolat",
      "Gegrild vlees"
    ],
    "image_URL": "https://static.delhaize.be/medias/sys_master/products/h1a/h44/12799818367006.jpg",
    "URL": "https://www.delhaize.be/fr/shop/Vins-and-bulles/Vins-rouges/Australie/The-Banished-Dark-Red/p/S2020050800427450000",
    "country_origin": "Australië",
    "Wine_Description": "",
    "promotion": "",
    "Alcohol_percentage": "13.5",
    "Volume": "0.750l",
    "Type_of_Cap": "Natuurlijke kurk",
    "Type_of_wine": "droog",
    "Color": "Rood",
    "Type_of_Box": "Karton",
    "Millésime": "2022"
  },
  {
    "id": "cb460ec6-4f3d-4e99-be4c-c5b4e871d603",
    "Product_name": "Spain | 0 % | alcoholvrije wijn | Chardonnay | Wit | 75 cl | Delhaize",
    "Price": "7,99 €",
    "Price_per_liter": "10,65 €/l",
    "Wine_Varieties": "100% Chardonnay",
    "vegetarian": "True",
    "vegan": "True",
    "food_pairing": [
      "Vis"
    ],
    "image_URL": "https://static.delhaize.be/medias/sys_master/products/h68/hab/13059494805534.jpg",
    "URL": "https://www.delhaize.be/fr/shop/Vins-and-bulles/Vins-et-mousseux-sans-alcool/Vins/0-vin-sans-alcool-Chardonnay-Blanc/p/S2024052400770380000",
    "country_origin": "Spanje",
    "Wine_Description": "",
    "promotion": "",
    "Alcohol_percentage": "0",
    "Volume": "0.750l",
    "Type_of_Cap": "Schroefdop",
    "Type_of_wine": "droog",
    "Color": "Wit",
    "Type_of_Box": "Karton",
    "Millésime": "2022"
  },
  {
    "id": "d6128d4f-6343-4057-af2c-10b32f6ac671",
    "Product_name": "Chiarli | Lambrusco | Rosso | 75 cl | Delhaize",
    "Price": "3,49 €",
    "Price_per_liter": "4,65 €/l",
    "Wine_Varieties": "100% Lambrusco",
    "vegetarian": "True",
    "vegan": "True",
    "food_pairing": [
      "Barbecue",
      "Aperitief",
      "Pasta"
    ],
    "image_URL": "https://static.delhaize.be/medias/sys_master/h73/he7/11701746270238.jpg",
    "URL": "https://www.delhaize.be/fr/shop/Vins-and-bulles/Bulles/Autres-effervescents/Rouge/Lambrusco-Rosso/p/S2008012300230100010",
    "country_origin": "Italië",
    "Wine_Description": "Le lambrusco est un vin Rood légèrement pétillant de la région viticole italienne Emilie-Romagne. Le nom fait référence au cépage du même nom qui y est cultivé depuis l'époque des Étrusques. Ce vin se décline en Rood, rosé et Wit, et en différentes saveurs : droog, demi-droog et sucré. Le caractère légèrement pétillant du vin est dû à la fermentation en cuve fermée, également appelée « cuve close ».  Un vin rafraîchissant, très Fruité et aux tannines discrets, à déguster en accompagnement de pique-niques et de repas légers.",
    "promotion": "",
    "Alcohol_percentage": "7.5",
    "Volume": "0.750l",
    "Type_of_Cap": "Liège aggloméré",
    "Type_of_wine": "doux",
    "Color": "Rood",
    "Type_of_Box": "Karton",
    "Millésime": "2018"
  },
  {
    "id": "5c75ea8b-cdd8-4c60-bbca-507f1d44f306",
    "Product_name": "19 Crimes | Revolutionary Rosé | 75 cl | Delhaize",
    "Price": "9,99 €",
    "Price_per_liter": "13,32 €/l",
    "Wine_Varieties": "90% Grenache, 10% Bobal",
    "vegetarian": "True",
    "vegan": "True",
    "food_pairing": [],
    "image_URL": "https://static.delhaize.be/medias/sys_master/products/ha8/h8e/12960873316382.jpg",
    "URL": "https://www.delhaize.be/fr/shop/Vins-and-bulles/Vins-roses/Espagne/Revolutionary-Rose/p/S2023032700691200000",
    "country_origin": "Spanje",
    "Wine_Description": "",
    "promotion": "2+1 Gratis",
    "Alcohol_percentage": "13.5",
    "Volume": "0.750l",
    "Type_of_Cap": "Schroefdop",
    "Type_of_wine": "droog",
    "Color": "Rosé",
    "Type_of_Box": "Karton",
    "Millésime": "2021"
  },
  {
    "id": "f6b7d26f-6a51-4d87-8efe-19508ba43274",
    "Product_name": "Lindeman's | Bin 40 | Merlot | 75 cl | Delhaize",
    "Price": "6,99 €",
    "Price_per_liter": "9,32 €/l",
    "Wine_Varieties": "100% Merlot",
    "vegetarian": "False",
    "vegan": "False",
    "food_pairing": [
      "Gevogelte"
    ],
    "image_URL": "https://static.delhaize.be/medias/sys_master/h36/hc2/12431054340126.jpg",
    "URL": "https://www.delhaize.be/fr/shop/Vins-and-bulles/Vins-rouges/Australie/Bin-40-Merlot/p/S2015020200229600014",
    "country_origin": "Australië",
    "Wine_Description": "",
    "promotion": "",
    "Alcohol_percentage": "13.5",
    "Volume": "0.750l",
    "Type_of_Cap": "Schroefdop",
    "Type_of_wine": "droog",
    "Color": "Rood",
    "Type_of_Box": "Karton",
    "Millésime": "2018"
  },
  {
    "id": "0d24a25d-8477-4278-b220-e4069bb54e9c",
    "Product_name": "Chiarli | Lambrusco | Bianco | 75 cl | Delhaize",
    "Price": "3,49 €",
    "Price_per_liter": "4,65 €/l",
    "Wine_Varieties": "",
    "vegetarian": "False",
    "vegan": "False",
    "food_pairing": [],
    "image_URL": "https://static.delhaize.be/medias/sys_master/h9b/hdf/12563286163486.jpg",
    "URL": "https://www.delhaize.be/fr/shop/Vins-and-bulles/Bulles/Autres-effervescents/Blanc/Lambrusco-Bianco/p/S2020070900445660000",
    "country_origin": "Frankrijk",
    "Wine_Description": "",
    "promotion": "",
    "Alcohol_percentage": null,
    "Volume": null,
    "Type_of_Cap": null,
    "Type_of_wine": null,
    "Color": null,
    "Type_of_Box": null,
    "Millésime": null
  },
  {
    "id": "953baf11-bfa5-4d54-a414-15892c202da8",
    "Product_name": "Danie De Wet | Finesse | Chardonnay | 75 cl | Delhaize",
    "Price": "12,99 €",
    "Price_per_liter": "17,32 €/l",
    "Wine_Varieties": "100% Chardonnay",
    "vegetarian": "False",
    "vegan": "False",
    "food_pairing": [
      "Barbecue",
      "Vis",
      "Lam"
    ],
    "image_URL": "https://static.delhaize.be/medias/sys_master/he0/h23/12443670609950.jpg",
    "URL": "https://www.delhaize.be/fr/shop/Vins-and-bulles/Vins-blancs/Afrique-du-Sud/Finesse-Chardonnay/p/S2018102600127040000",
    "country_origin": "Afrique du Sud",
    "Wine_Description": "Danie De Wet, également connu comme le « pâpe du chardonnay » d'Afrique du Sud, est considéré dans le monde entier comme le spécialiste des vins chardonnay. Il savait mieux que quiconque que le chardonnay se porte très bien dans les régions plus fraîches, comme à son siège de Robertson, où est établi son domaine De Wetshof.  Finesse porte bien son nom. Vin élégant et raffiné, empli de fruits mûrs frais et de tonen Houtées parfaitement intégrées.",
    "promotion": "",
    "Alcohol_percentage": "13",
    "Volume": "0.750l",
    "Type_of_Cap": "Natuurlijke kurk",
    "Type_of_wine": "droog",
    "Color": "Wit",
    "Type_of_Box": "Karton",
    "Millésime": "2018"
  },
  {
    "id": "56c902f2-da67-4b1a-8e65-db7f0c7fca5e",
    "Product_name": "Delhaize | Estelle Rocan Rood | 75 cl | Delhaize",
    "Price": "4,99 €",
    "Price_per_liter": "6,65 €/l",
    "Wine_Varieties": "",
    "vegetarian": "False",
    "vegan": "False",
    "food_pairing": [],
    "image_URL": "https://static.delhaize.be/medias/sys_master/h45/h67/12478182883358.jpg",
    "URL": "https://www.delhaize.be/fr/shop/Vins-and-bulles/Vins-roses/France/Loire/Estelle-Rocan-Rouge/p/S2022072800642270000",
    "country_origin": "Frankrijk",
    "Wine_Description": "",
    "promotion": "2+1 Gratis",
    "Alcohol_percentage": null,
    "Volume": null,
    "Type_of_Cap": null,
    "Type_of_wine": null,
    "Color": null,
    "Type_of_Box": null,
    "Millésime": null
  },
  {
    "id": "61591966-1c77-431d-a479-166cb5669931",
    "Product_name": "Perelada | Cava | Biologisch | Brut | 75 cl | Delhaize",
    "Price": "9,99 €",
    "Price_per_liter": "13,32 €/l",
    "Wine_Varieties": "35% Xarel·lo, 34% Macabeo, 27% Parellada, 3% Chardonnay, 1% Pinot Noir",
    "vegetarian": "False",
    "vegan": "False",
    "food_pairing": [
      "Aperitief",
      "Vis",
      "Pasta"
    ],
    "image_URL": "https://static.delhaize.be/medias/sys_master/h9b/hf7/12501322072094.jpg",
    "URL": "https://www.delhaize.be/fr/shop/Vins-and-bulles/Bulles/Cava/Blanc/Cava-Bio-Brut/p/S2017112304192290000",
    "country_origin": "Spanje",
    "Wine_Description": "Pourquoi tellement plus de Cava Biologisch que de Champagne ? C'est logique, vu la situation méridionale de la région du Cava, où un climat méditerranéen offre davantage de constance et réclame moins d'interventions dans le vignoble que dans le Nord de la Frankrijk. Perelada Biologisch est fait de raisins issus de la culture biologique, c'est-à-dire sans insecticides ni herbicides chimiques dans le vignoble. La réglementation dans le chai est, elle aussi, nettement plus stricte. On utilise nettement moins de sulfites que chez les viticulteurs traditionnels.  Bref : un Cava avec du pep, de la nervosité et de charmants aroma's fruitigs.",
    "promotion": "",
    "Alcohol_percentage": "11.5",
    "Volume": "0.750l",
    "Type_of_Cap": "Natuurlijke kurk",
    "Type_of_wine": "brut",
    "Color": "Wit",
    "Type_of_Box": "Karton",
    "Millésime": "2016"
  },
  {
    "id": "c319d071-1c28-4bf2-b9f2-1724f9fa6d3b",
    "Product_name": "Brise du Cap | Gard | 2023 | 75 cl | Delhaize",
    "Price": "7,99 €",
    "Price_per_liter": "10,65 €/l",
    "Wine_Varieties": "",
    "vegetarian": "False",
    "vegan": "False",
    "food_pairing": [],
    "image_URL": "https://static.delhaize.be/medias/sys_master/products/hc5/h90/13023695863838.jpg",
    "URL": "https://www.delhaize.be/fr/shop/Vins-and-bulles/Exclusivites-online/Vins-roses/France-Autres-regions/Gard-2023/p/S2024051600768700000",
    "country_origin": "Frankrijk",
    "Wine_Description": "",
    "promotion": "2+1 Gratis",
    "Alcohol_percentage": null,
    "Volume": null,
    "Type_of_Cap": null,
    "Type_of_wine": null,
    "Color": null,
    "Type_of_Box": null,
    "Millésime": null
  },
  {
    "id": "ed420e13-ac2b-4089-b52b-7af0363c014a",
    "Product_name": "Spain | Codorniu Sparkling 8 % | 75 cl | Delhaize",
    "Price": "6,99 €",
    "Price_per_liter": "9,32 €/l",
    "Wine_Varieties": "",
    "vegetarian": "False",
    "vegan": "False",
    "food_pairing": [],
    "image_URL": "https://static.delhaize.be/medias/sys_master/products/he3/h92/13021570695198.jpg",
    "URL": "https://www.delhaize.be/fr/shop/Vins-and-bulles/Bulles/Autres-effervescents/Blanc/Codorniu-Sparkling-8-/p/S2024070800778120000",
    "country_origin": "Frankrijk",
    "Wine_Description": "",
    "promotion": "",
    "Alcohol_percentage": null,
    "Volume": null,
    "Type_of_Cap": null,
    "Type_of_wine": null,
    "Color": null,
    "Type_of_Box": null,
    "Millésime": null
  },
  {
    "id": "3d7f6cb8-b456-4952-ac56-088592775778",
    "Product_name": "BOTTEGA SPA | Bottega Prosecco Doc Brut | 75 cl | Delhaize",
    "Price": "10,99 €",
    "Price_per_liter": "14,65 €/l",
    "Wine_Varieties": "",
    "vegetarian": "False",
    "vegan": "False",
    "food_pairing": [],
    "image_URL": "https://static.delhaize.be/medias/sys_master/products/h90/hc9/13103957803038.jpg",
    "URL": "https://www.delhaize.be/fr/shop/Vins-and-bulles/Bulles/Prosecco/Blanc/Bottega-Prosecco-Doc-Brut/p/S2024121700813100000",
    "country_origin": "Italië",
    "Wine_Description": "",
    "promotion": "- €2 à l' achat de 1 produit",
    "Alcohol_percentage": null,
    "Volume": null,
    "Type_of_Cap": null,
    "Type_of_wine": null,
    "Color": null,
    "Type_of_Box": null,
    "Millésime": null
  },
  {
    "id": "ca0ebf4a-8b8a-4b54-a28c-dcc3a42da9a0",
    "Product_name": "Vranken | Demoiselle | Champagne | Brut | 75 cl | Delhaize",
    "Price": "35,99 €",
    "Price_per_liter": "47,99 €/l",
    "Wine_Varieties": "33% Chardonnay, 33% Pinot Noir, 33% Pinot Meunier",
    "vegetarian": "True",
    "vegan": "True",
    "food_pairing": [
      "Sushi"
    ],
    "image_URL": "https://static.delhaize.be/medias/sys_master/h3a/h3d/12381865312286.jpg",
    "URL": "https://www.delhaize.be/fr/shop/Vins-and-bulles/Bulles/Champagne/Blanc/Champagne-Brut/p/S2010072900240350001",
    "country_origin": "Frankrijk",
    "Wine_Description": "En 1985, Paul-François Vranken a lancé « La Demoiselle », en référence à la villa du même nom face à Pommery. Aujourd'hui, Demoiselle est la marque propre et le Champagne le plus vendu du groupe.   Prêtez aussi attention à la bouteille spéciale de style art nouveau et à l'assemblage spécifique (80 % chardonnay). Champagne à l'excellent Fruité, une frisheid exemplaire et des tonen minérales qui aiguisent sur-le-champ l'appétit sans aucune difficulté.",
    "promotion": "",
    "Alcohol_percentage": "12.5",
    "Volume": "0.750l",
    "Type_of_Cap": "Natuurlijke kurk",
    "Type_of_wine": "brut",
    "Color": "Wit",
    "Type_of_Box": "Karton",
    "Millésime": null
  },
  {
    "id": "61edc1c6-c017-42fc-8b58-c69e6a09d713",
    "Product_name": "Delhaize | South African Wine | Chardonnay | 75 cl | Delhaize",
    "Price": "3,99 €",
    "Price_per_liter": "5,32 €/l",
    "Wine_Varieties": "",
    "vegetarian": "False",
    "vegan": "False",
    "food_pairing": [],
    "image_URL": "https://static.delhaize.be/medias/sys_master/hf6/h37/12433925439518.jpg",
    "URL": "https://www.delhaize.be/fr/shop/Vins-and-bulles/Vins-blancs/Afrique-du-Sud/South-African-Wine-Chardonnay/p/S2022062700634630000",
    "country_origin": "Afrique du Sud",
    "Wine_Description": "",
    "promotion": "",
    "Alcohol_percentage": null,
    "Volume": null,
    "Type_of_Cap": null,
    "Type_of_wine": null,
    "Color": null,
    "Type_of_Box": null,
    "Millésime": null
  },
  {
    "id": "addf488a-e832-4109-bb1c-2bbb066de88c",
    "Product_name": "Duval-Leroy | Champagne | Demi-sec | 75 cl | Delhaize",
    "Price": "34,99 €",
    "Price_per_liter": "46,65 €/l",
    "Wine_Varieties": "60% Pinot Noir, 30% Pino Meunier, 10% Chardonnay",
    "vegetarian": "True",
    "vegan": "True",
    "food_pairing": [
      "Chocolat",
      "Fruit",
      "Dessert"
    ],
    "image_URL": "https://static.delhaize.be/medias/sys_master/h25/h34/9998775812126.jpg",
    "URL": "https://www.delhaize.be/fr/shop/Vins-and-bulles/Bulles/Champagne/Blanc/Champagne-Demi-sec/p/S1997052900240260000",
    "country_origin": "Frankrijk",
    "Wine_Description": "Maison de Champagne réputée, fondée en 1859 des suites de l'association des familles Duval et Leroy à Vertus. Après le décès de son mari en 1991, c'est notre compatriote Carol Duval-Leroy, l'une des femmes les plus actives et les plus innovantes dans le monde du Champagne, qui dirige l'entreprise. Son vignoble s'étend sur 200 ha, dont une grande partie de Grands Crus sur la célèbre Côte des Blancs (au sud d'Epernay). Aujourd'hui, il s'agit de l'une des dernières grandes maisons de Champagne familiales. En cave aussi, on retrouve une femme : Sandrine Logette-Jardin, une viticultrice de renom, qui a créé beaucoup de nouvelles cuvées ces dernières années.  Le demi-droog est un Champagne accessible, caractérisé par des aroma's de fruits blancs , il est légèrement plus crémeux et plus sucré, tout en conservant une belle frisheid.",
    "promotion": "",
    "Alcohol_percentage": "12",
    "Volume": "0.750l",
    "Type_of_Cap": "Natuurlijke kurk",
    "Type_of_wine": "demi-droog",
    "Color": "Wit",
    "Type_of_Box": "Karton",
    "Millésime": null
  },
  {
    "id": "54e29e25-ec69-46b8-b7c2-b0ffcd729649",
    "Product_name": "Santa Tierra | Reserva | Cabernet Sauvignon | 75 cl | Delhaize",
    "Price": "6,99 €",
    "Price_per_liter": "9,32 €/l",
    "Wine_Varieties": "100% Cabernet Sauvignon",
    "vegetarian": "True",
    "vegan": "True",
    "food_pairing": [
      "Lam",
      "Pasta",
      "Varkensvlees"
    ],
    "image_URL": "https://static.delhaize.be/medias/sys_master/h2e/he6/12433966661662.jpg",
    "URL": "https://www.delhaize.be/fr/shop/Vins-and-bulles/Vins-rouges/Chili/Reserva-Cabernet-Sauvignon/p/S2019021300167910000",
    "country_origin": "Chili",
    "Wine_Description": "",
    "promotion": "",
    "Alcohol_percentage": "13.5",
    "Volume": "0.750l",
    "Type_of_Cap": "Natuurlijke kurk",
    "Type_of_wine": "droog",
    "Color": "Rood",
    "Type_of_Box": "Karton",
    "Millésime": "2018"
  },
  {
    "id": "93bf78bb-96fa-4808-ad4c-7a4ef26e2342",
    "Product_name": "Codorniu | Cava | Ars Collecta | Rosé | Biologisch | Brut | 75 cl | Delhaize",
    "Price": "14,99 €",
    "Price_per_liter": "19,99 €/l",
    "Wine_Varieties": "",
    "vegetarian": "False",
    "vegan": "False",
    "food_pairing": [],
    "image_URL": "https://static.delhaize.be/medias/sys_master/products/he0/hbb/12871319289886.jpg",
    "URL": "https://www.delhaize.be/fr/shop/Vins-and-bulles/Bulles/Cava/Rose/Cava-Ars-Collecta-Rose-Bio-Brut/p/S2022071400639920000",
    "country_origin": "Spanje",
    "Wine_Description": "",
    "promotion": "",
    "Alcohol_percentage": null,
    "Volume": null,
    "Type_of_Cap": null,
    "Type_of_wine": null,
    "Color": null,
    "Type_of_Box": null,
    "Millésime": null
  },
  {
    "id": "fdedf5a1-9264-400b-a109-2edd55392d98",
    "Product_name": "Jean Fleury | 2019 | 75 cl | Delhaize",
    "Price": "8,49 €",
    "Price_per_liter": "11,32 €/l",
    "Wine_Varieties": "80% Merlot, 20% Cabernet Sauvignon",
    "vegetarian": "True",
    "vegan": "True",
    "food_pairing": [
      "Sterke kazen"
    ],
    "image_URL": "https://static.delhaize.be/medias/sys_master/h64/h06/12433994186782.jpg",
    "URL": "https://www.delhaize.be/fr/shop/Vins-and-bulles/Vins-rouges/France/Bordeaux/2019/p/S2020032000410890000",
    "country_origin": "Frankrijk",
    "Wine_Description": "Le Haut-Bardin à Saint Martial est un domaine familial dont l'histoire remonte à la Révolution française. 30 ha de vignes sur des sols argilo-calcaires et de grès argileux plantés à 80 % de merlot et à 20 % de cabernet sauvignon.   Vin Rood élégant et souple avec une dominance de petits fruits rouges, facilement accessible, aux tannines frais et discrets.",
    "promotion": "",
    "Alcohol_percentage": "14",
    "Volume": "0.750l",
    "Type_of_Cap": "Liège aggloméré",
    "Type_of_wine": "droog",
    "Color": "Rood",
    "Type_of_Box": "Karton",
    "Millésime": "2019"
  },
  {
    "id": "7c3c8db5-ce71-4406-8ec1-8a9766f78815",
    "Product_name": "Arniston Bay | Chenin / Chardonnay | 75 cl | Delhaize",
    "Price": "5,99 €",
    "Price_per_liter": "7,99 €/l",
    "Wine_Varieties": "80% Chenin Blanc, 20% Chardonnay",
    "vegetarian": "True",
    "vegan": "True",
    "food_pairing": [
      "Zeevruchten"
    ],
    "image_URL": "https://static.delhaize.be/medias/sys_master/hfb/h50/12433424810014.jpg",
    "URL": "https://www.delhaize.be/fr/shop/Vins-and-bulles/Vins-blancs/Afrique-du-Sud/Chenin-Chardonnay/p/S2014032000221450014",
    "country_origin": "Afrique du Sud",
    "Wine_Description": "Les vins d'Arniston Bay en Afrique du Sud empruntent leur nom à la célèbre côte, agrémentée de longues plages vierges et surplombée par un village de pêcheurs. C'est l'une des marques de Stellenbosch Vineyards, fondée en 1690 sur la ferme historique Welmoed. Avec la gamme Arniston Bay, la maison entend mettre en évidence l'environnement paradisiaque de la baie et les plages. Des vins très digestes pour un plaisir immédiat, qui accompagnent les repas ou les en-cas, bref, à consommer à tout moment et en tout lieu.  Vin frais et aromatique avec des tonen de fruits mûrs, voire exotiques, équilibré et rond, d'une frisheid impeccable sur toute la longueur.",
    "promotion": "",
    "Alcohol_percentage": "13",
    "Volume": "0.750l",
    "Type_of_Cap": "Schroefdop",
    "Type_of_wine": "droog",
    "Color": "Wit",
    "Type_of_Box": "Karton",
    "Millésime": "2021"
  },
  {
    "id": "cd368041-8b99-408a-aae5-dc42d0bfb9d4",
    "Product_name": "Cecchi | Treno del Mare Maremma Toscana | 75 cl | Delhaize",
    "Price": "7,49 €",
    "Price_per_liter": "9,99 €/l",
    "Wine_Varieties": "100% Vermentino",
    "vegetarian": "True",
    "vegan": "True",
    "food_pairing": [
      "Asperges",
      "Mosselen",
      "Sushi"
    ],
    "image_URL": "https://static.delhaize.be/medias/sys_master/products/h27/h14/12882564481054.jpg",
    "URL": "https://www.delhaize.be/fr/shop/Vins-and-bulles/Vins-blancs/Italie/Treno-del-Mare-Maremma-Toscana/p/S2022050900105100000",
    "country_origin": "Italië",
    "Wine_Description": "",
    "promotion": "",
    "Alcohol_percentage": "13",
    "Volume": "0.750l",
    "Type_of_Cap": "Diam",
    "Type_of_wine": "droog",
    "Color": "Wit",
    "Type_of_Box": "Karton",
    "Millésime": "2022"
  },
  {
    "id": "91f88f54-e001-4dbf-8150-3433fe514893",
    "Product_name": "Bons Ventos | Vinho Regional Lisboa | 75 cl | Delhaize",
    "Price": "4,99 €",
    "Price_per_liter": "6,65 €/l",
    "Wine_Varieties": "50% Castelão, 50% Cabernet Sauvignon",
    "vegetarian": "True",
    "vegan": "True",
    "food_pairing": [
      "Zeevruchten"
    ],
    "image_URL": "https://static.delhaize.be/medias/sys_master/h4f/hb1/12443701149726.jpg",
    "URL": "https://www.delhaize.be/fr/shop/Vins-and-bulles/Vins-roses/Autres/Vinho-Regional-Lisboa/p/S2021122000518520096",
    "country_origin": "Portugal",
    "Wine_Description": "",
    "promotion": "2+1 Gratis",
    "Alcohol_percentage": "12.5",
    "Volume": "0.750l",
    "Type_of_Cap": "Dop",
    "Type_of_wine": "droog",
    "Color": "Rosé",
    "Type_of_Box": "Karton",
    "Millésime": "2021"
  },
  {
    "id": "783676ae-d10b-4d01-8f01-990534a16ed0",
    "Product_name": "Vintense | 0 % | alcoholvrije wijn | Syrah | Rosé | 75 cl | Delhaize",
    "Price": "6,19 €",
    "Price_per_liter": "8,25 €/l",
    "Wine_Varieties": "",
    "vegetarian": "False",
    "vegan": "False",
    "food_pairing": [],
    "image_URL": "https://static.delhaize.be/medias/sys_master/products/hba/h5e/13058442952734.jpg",
    "URL": "https://www.delhaize.be/fr/shop/Vins-and-bulles/Vins-et-mousseux-sans-alcool/Vins/0-vin-sans-alcool-Syrah-Rose/p/S2021042200538180000",
    "country_origin": "Frankrijk",
    "Wine_Description": "",
    "promotion": "2+1 Gratis",
    "Alcohol_percentage": "0",
    "Volume": "0.750l",
    "Type_of_Cap": null,
    "Type_of_wine": null,
    "Color": null,
    "Type_of_Box": null,
    "Millésime": null
  },
  {
    "id": "2013368c-7082-45a2-9b0f-6e76387a9e5b",
    "Product_name": "Vintense | 0 % | alcoholvrije wijn | Chardonnay | Wit | 75 cl | Delhaize",
    "Price": "6,19 €",
    "Price_per_liter": "8,25 €/l",
    "Wine_Varieties": "",
    "vegetarian": "False",
    "vegan": "False",
    "food_pairing": [],
    "image_URL": "https://static.delhaize.be/medias/sys_master/products/hbe/h3d/13058407825438.jpg",
    "URL": "https://www.delhaize.be/fr/shop/Vins-and-bulles/Vins-et-mousseux-sans-alcool/Vins/0-vin-sans-alcool-Chardonnay-Blanc/p/S2016030203635320000",
    "country_origin": "Frankrijk",
    "Wine_Description": "",
    "promotion": "",
    "Alcohol_percentage": "0",
    "Volume": "0.750l",
    "Type_of_Cap": null,
    "Type_of_wine": null,
    "Color": null,
    "Type_of_Box": null,
    "Millésime": null
  },
  {
    "id": "a77a4028-a39f-4c21-9621-242d9ad50941",
    "Product_name": "Circum | Montepulciano d'Abruzzo | 75 cl | Delhaize",
    "Price": "6,99 €",
    "Price_per_liter": "9,32 €/l",
    "Wine_Varieties": "100% Montepulciano",
    "vegetarian": "False",
    "vegan": "False",
    "food_pairing": [
      "Gegrild vlees",
      "Gebraden"
    ],
    "image_URL": "https://static.delhaize.be/medias/sys_master/products/hd9/h87/12876182814750.jpg",
    "URL": "https://www.delhaize.be/fr/shop/Vins-and-bulles/Vins-rouges/Italie/Montepulciano-d-Abruzzo/p/S2022062900635680000",
    "country_origin": "Italië",
    "Wine_Description": "",
    "promotion": "",
    "Alcohol_percentage": "13",
    "Volume": "0.750l",
    "Type_of_Cap": "Bouchon synthétique",
    "Type_of_wine": "droog",
    "Color": "Rood",
    "Type_of_Box": "Karton",
    "Millésime": "2023"
  },
  {
    "id": "633593b3-9826-490d-abef-92e833a781d8",
    "Product_name": "Herederos Marques De Riscal | Rueda | Verdejo | 75 cl | Delhaize",
    "Price": "9,99 €",
    "Price_per_liter": "13,32 €/l",
    "Wine_Varieties": "100% Verdejo",
    "vegetarian": "True",
    "vegan": "True",
    "food_pairing": [
      "Asperges",
      "Kaasplank",
      "Vis"
    ],
    "image_URL": "https://static.delhaize.be/medias/sys_master/h48/h5d/12493187153950.jpg",
    "URL": "https://www.delhaize.be/fr/shop/Vins-and-bulles/Vins-blancs/Espagne/Rueda-Verdejo/p/S2022113000598300096",
    "country_origin": "Spanje",
    "Wine_Description": "",
    "promotion": "",
    "Alcohol_percentage": "13",
    "Volume": "0.750l",
    "Type_of_Cap": "Schroefdop",
    "Type_of_wine": "droog",
    "Color": "Wit",
    "Type_of_Box": "Karton",
    "Millésime": "2022"
  },
  {
    "id": "93fd1b46-9abb-426f-856e-5578339f5b0e",
    "Product_name": "Les Florets | Lubéron | 75 cl | Delhaize",
    "Price": "3,99 €",
    "Price_per_liter": "5,32 €/l",
    "Wine_Varieties": "",
    "vegetarian": "False",
    "vegan": "False",
    "food_pairing": [],
    "image_URL": "https://static.delhaize.be/medias/sys_master/products/h91/h2b/13076384546846.jpg",
    "URL": "https://www.delhaize.be/fr/shop/Vins-and-bulles/Vins-roses/France/Rhone/Luberon/p/S2022072500008540000",
    "country_origin": "Frankrijk",
    "Wine_Description": "",
    "promotion": "2+1 Gratis",
    "Alcohol_percentage": null,
    "Volume": null,
    "Type_of_Cap": null,
    "Type_of_wine": null,
    "Color": null,
    "Type_of_Box": null,
    "Millésime": null
  },
  {
    "id": "e966b5e0-e00c-4378-8de1-27a77cf7bf83",
    "Product_name": "Mumm | Champagne | Grand Cordon | Brut | 75 cl | Delhaize",
    "Price": "37,99 €",
    "Price_per_liter": "50,65 €/l",
    "Wine_Varieties": "45% Pinot Noir, 30% Chardonnay, 25% Pinot Meunier",
    "vegetarian": "True",
    "vegan": "False",
    "food_pairing": [
      "Gevogelte"
    ],
    "image_URL": "https://static.delhaize.be/medias/sys_master/h4d/hcd/12497067114526.jpg",
    "URL": "https://www.delhaize.be/fr/shop/Vins-and-bulles/Bulles/Champagne/Blanc/Champagne-Grand-Cordon-Brut/p/S1971080100243120000",
    "country_origin": "Frankrijk",
    "Wine_Description": "La maison de Champagne G.H. La maison Mumm a des origines allemandes, puisque fondée par la famille de Georges Hermann Mumm, un négociant en vins (Rijnwijn). Aujourd'hui, la maison fait partie du groupe Pernod-Ricard et compte 218 hectares de vignes, principalement dans les communes de grands crus que sont Aÿ, Bouzy, Ambonnay, Verzy, Verzenay, Avize, Cramant et Mailly, ce qui représente un quart de ses besoins, le reste des terres étant acheté auprès de viticulteurs sous contrat.   Le Cordon Rood, en hommage à la Légion d'Honneur, est dominé par le pinot noir et surprend par ses fruits mûrs, sa structure aromatique complexe et ses tonen fraîches.",
    "promotion": "",
    "Alcohol_percentage": "12",
    "Volume": "0.750l",
    "Type_of_Cap": "Natuurlijke kurk",
    "Type_of_wine": "brut",
    "Color": "Wit",
    "Type_of_Box": "Karton",
    "Millésime": null
  },
  {
    "id": "c5687fb8-638f-407d-8bbe-8eae1aa7490d",
    "Product_name": "Domaines Schlumberger | Alsace | S | 75 cl | Delhaize",
    "Price": "11,99 €",
    "Price_per_liter": "15,99 €/l",
    "Wine_Varieties": "37% Pinot Blanc, 36% Pinot Gris, 18% Muscat, 9% Sylvaner",
    "vegetarian": "True",
    "vegan": "False",
    "food_pairing": [
      "Charcuterie",
      "Kaasplank",
      "Salade"
    ],
    "image_URL": "https://static.delhaize.be/medias/sys_master/hf1/hd6/9893770657822.jpg",
    "URL": "https://www.delhaize.be/fr/shop/Vins-and-bulles/Vins-blancs/France/Alsace/S/p/S2019052100255270000",
    "country_origin": "Frankrijk",
    "Wine_Description": "Le domaine familial Schlumberger à Guebwiller en est déjà à sa 7ème génération. Selon les normes alsaciennes, un grand domaine de 140 hectares de vignes, dont la moitié fait partie de 4 grands crus différents : Kitterlé, Kessler, Saering et Spiegel. Ce sont souvent des vignobles particulièrement escarpés, jusqu'à 50° à une altitude de 250 à 380 mètres, entourés de 50 kilomètres de murs. La philosophie de la maison est l'agriculture raisonnée : laisser la nature suivre son cours autant que possible et n'intervenir que lorsque c'est vraiment nécessaire. Depuis 2006, 30 hectares de vignobles sont cultivés selon les principes de la biodynamique.  Une véritable curiosité en Alsace : le vin sans cépage, c'est-à-dire issu d'un même cépage, tout en étant un assemblage de trois variétés, le pinot Wit, le pinot gris et le muscat. Un Fruit rond, souple et croquant, ludique, élégant et d'une frisheid exquise.",
    "promotion": "",
    "Alcohol_percentage": "12",
    "Volume": "0.750l",
    "Type_of_Cap": "Natuurlijke kurk",
    "Type_of_wine": "droog",
    "Color": "Wit",
    "Type_of_Box": "Karton",
    "Millésime": null
  },
  {
    "id": "2428d304-e7c4-4ca8-acb2-c9d57968edff",
    "Product_name": "Nuvola By Avignonesi | Nuvola Biologisch Rosé | 75 cl | Delhaize",
    "Price": "8,99 €",
    "Price_per_liter": "11,99 €/l",
    "Wine_Varieties": "",
    "vegetarian": "False",
    "vegan": "False",
    "food_pairing": [],
    "image_URL": "https://static.delhaize.be/medias/sys_master/products/h61/h07/12669809164318.jpg",
    "URL": "https://www.delhaize.be/fr/shop/Vins-and-bulles/Vins-roses/Italie/Nuvola-Bio-Rose/p/S2022071900640710000",
    "country_origin": "Frankrijk",
    "Wine_Description": "",
    "promotion": "2+1 Gratis",
    "Alcohol_percentage": null,
    "Volume": null,
    "Type_of_Cap": null,
    "Type_of_wine": null,
    "Color": null,
    "Type_of_Box": null,
    "Millésime": null
  },
  {
    "id": "f7828a92-5efc-4ac4-82e5-05827eec470e",
    "Product_name": "Codorniu | Cava | Ecológica | Biologisch | Brut | 75 cl | Delhaize",
    "Price": "11,99 €",
    "Price_per_liter": "15,99 €/l",
    "Wine_Varieties": "Macabeo, Xarel·lo, Parellada",
    "vegetarian": "True",
    "vegan": "True",
    "food_pairing": [
      "Vis",
      "Gevogelte",
      "Tapas"
    ],
    "image_URL": "https://static.delhaize.be/medias/sys_master/products/h3d/h4a/12687847456798.jpg",
    "URL": "https://www.delhaize.be/fr/shop/Vins-and-bulles/Bulles/Cava/Blanc/Cava-Ecologica-Bio-Brut/p/S2014062700239540000",
    "country_origin": "Spanje",
    "Wine_Description": "L'histoire du pionnier du Cava espagnol, établi à Sant Sadurní d'Anoia, remonte à 1551. Jaume Codorníu est propriétaire de barriques et de pressoirs à vin. En 1659, Anna Codorníu épouse Miquel Raventós, une alliance qui unit deux familles viticoles uniques. Cependant, ce n'est qu'en 1872 que Josep Maria Raventós a brassé la première forme espagnole de Champagne, le xampàn. La boisson fut plus tard rebaptisée Cava (‘cave' en espagnol). Le succès fut immédiat et Codorníu devint immédiatement le fournisseur national.   Cépages macabeo, parellada et xarel-lo, issus du vignoble biologique du Penedès, équilibré et crémeux avec des tonen de pomme Granny Smith, de citron vert et d'amande fraîche.",
    "promotion": "",
    "Alcohol_percentage": "11.5",
    "Volume": "0.750l",
    "Type_of_Cap": "Natuurlijke kurk",
    "Type_of_wine": "brut",
    "Color": "Wit",
    "Type_of_Box": "Karton",
    "Millésime": null
  },
  {
    "id": "62567f38-b690-4fa9-b110-cb7596340c97",
    "Product_name": "Beringer | Chardonnay | 75 cl | Delhaize",
    "Price": "7,99 €",
    "Price_per_liter": "10,65 €/l",
    "Wine_Varieties": "100% Chardonnay",
    "vegetarian": "False",
    "vegan": "False",
    "food_pairing": [
      "Vis",
      "Gevogelte"
    ],
    "image_URL": "https://static.delhaize.be/medias/sys_master/h88/hbb/12430957543454.jpg",
    "URL": "https://www.delhaize.be/fr/shop/Vins-and-bulles/Vins-blancs/Autres/Chardonnay/p/S2014062300229830013",
    "country_origin": "États-Unis",
    "Wine_Description": "Le domaine Beringer a été créé en 1876 par les frères Frederick et Jacob Beringer. Au 19e siècle, ils émigrèrent de l'Allemagne vers les États-Unis et établirent leur cave dans la vallée de Napa. Aujourd'hui, Beringer possède les plus vieux vignobles de toute la vallée. Leur credo ? La continuité ! Tant dans le style que la qualité. Il n'est donc pas surprenant que le vinificateur qui travaille en ces lieux soit seulement le 7e sur plus de 130 années de tradition. De plus, dès 1997, le magazine américain Wine Spectator déclarait Beringer meilleure cave des États-Unis.  Chardonnay ample, bien structuré et crémeux avec des tonen de poire, de mangue et d'agrumes mûrs.",
    "promotion": "",
    "Alcohol_percentage": "13",
    "Volume": "0.750l",
    "Type_of_Cap": "Schroefdop",
    "Type_of_wine": "demi-droog",
    "Color": "Wit",
    "Type_of_Box": "Karton",
    "Millésime": "2018"
  },
  {
    "id": "f6c9f0cf-eddb-4ae4-9c3d-8875c18a4e93",
    "Product_name": "Casillero | Merlot | 75 cl | Delhaize",
    "Price": "6,99 €",
    "Price_per_liter": "9,32 €/l",
    "Wine_Varieties": "87% Merlot, 8% Cabernet Sauvignon, 5% Syrah",
    "vegetarian": "True",
    "vegan": "True",
    "food_pairing": [
      "Vis"
    ],
    "image_URL": "https://static.delhaize.be/medias/sys_master/h9c/h58/12430915862558.jpg",
    "URL": "https://www.delhaize.be/fr/shop/Vins-and-bulles/Vins-rouges/Chili/Merlot/p/S2015021200216340014",
    "country_origin": "Chili",
    "Wine_Description": "Casillero del Diablo est de loin le label le plus réussi de l'imposant domaine Concha y Toro, fondé en 1883 par Don Melchor. Aujourd'hui, c'est une entreprise cotée en bourse avec près de 9.000 hectares de vignes dans les vallées de Maipo, Maule, Rapel, Colchague, Curico et Casablanca. Une grande diversité de cépages et de terroirs.  Casillero del Diablo ou ')la cave du diable') vient d'une légende du 19e siècle lorsque, Don Melchor s'installa dans la ville de Pirque. Quand on a su qu'il produisait d'excellents vins, ses meilleures bouteilles ont mystérieusement commencé à disparaître. Pour contrer ces vols, Don Melchor répandit l'histoire que les parties les plus profondes de sa cave à vin étaient possédées par le diable. Les vols ont cessé et Casillero del Diablo existe encore aujourd'hui !  Le merlot rappelle immédiatement les petits fruits rouges , il est juteux et élégant, avec des tannines doux en finale...",
    "promotion": "",
    "Alcohol_percentage": "13.5",
    "Volume": "0.750l",
    "Type_of_Cap": "Natuurlijke kurk",
    "Type_of_wine": "droog",
    "Color": "Rood",
    "Type_of_Box": "Karton",
    "Millésime": "2018"
  },
  {
    "id": "5a4cf6ac-27db-42d0-ac92-ef198a6674fc",
    "Product_name": "Groot Geluk | Méthode Cap Classique | Brut | 75 cl | Delhaize",
    "Price": "12,99 €",
    "Price_per_liter": "17,32 €/l",
    "Wine_Varieties": "70% Chardonnay, 30% Pinot Noir",
    "vegetarian": "True",
    "vegan": "True",
    "food_pairing": [
      "Vis",
      "Fruit",
      "Fromages doux"
    ],
    "image_URL": "https://static.delhaize.be/medias/sys_master/hca/h82/11187593510942.jpg",
    "URL": "https://www.delhaize.be/fr/shop/Vins-and-bulles/Bulles/Autres-effervescents/Blanc/Methode-Cap-Classique-Brut/p/S2002082200239440000",
    "country_origin": "Afrique du Sud",
    "Wine_Description": "Groot Geluk est une ode aux débuts de la viticulture sud-africaine, lorsque le gouverneur Jan van Riebeeck décrivit dans son journal de bord le « bonheur » (« geluk ») qu'il ressentit au moment de goûter à sa première récolte en 1659. Aujourd'hui, ce vin Mousserende wijn, élaboré selon la méthode classique de seconde fermentation en bouteille, est produit par une coopérative de vignerons indépendants.  Un vin Mousserende wijn droog, à la trame serrée, dominé par le chardonnay, frais, Fruité et bien équilibré.",
    "promotion": "",
    "Alcohol_percentage": "12",
    "Volume": "0.750l",
    "Type_of_Cap": "Natuurlijke kurk",
    "Type_of_wine": "brut",
    "Color": "Wit",
    "Type_of_Box": "Karton",
    "Millésime": null
  },
  {
    "id": "153452d8-3ddd-4d74-9ddc-9208e16a35e5",
    "Product_name": "Casillero | Reserva Privada | Cabernet Sauvignon | 75 cl | Delhaize",
    "Price": "11,99 €",
    "Price_per_liter": "15,99 €/l",
    "Wine_Varieties": "85% Cabernet Sauvignon, 15% Syrah",
    "vegetarian": "True",
    "vegan": "True",
    "food_pairing": [
      "Steak",
      "Sterke kazen"
    ],
    "image_URL": "https://static.delhaize.be/medias/sys_master/hf5/h98/12433670111262.jpg",
    "URL": "https://www.delhaize.be/fr/shop/Vins-and-bulles/Vins-rouges/Chili/Reserva-Privada-Cabernet-Sauvignon/p/S2019010800147230000",
    "country_origin": "Chili",
    "Wine_Description": "Casillero del Diablo est de loin le label le plus réussi de l'imposant domaine Concha y Toro, fondé en 1883 par Don Melchor. Aujourd'hui, c'est une entreprise cotée en bourse avec près de 9.000 hectares de vignes dans les vallées de Maipo, Maule, Rapel, Colchague, Curico et Casablanca. Une grande diversité de cépages et de terroirs.  Casillero del Diablo ou ')la cave du diable') vient d'une légende du 19e siècle lorsque, Don Melchor s'installa dans la ville de Pirque. Quand on a su qu'il produisait d'excellents vins, ses meilleures bouteilles ont mystérieusement commencé à disparaître. Pour contrer ces vols, Don Melchor répandit l'histoire que les parties les plus profondes de sa cave à vin étaient possédées par le diable. Les vols ont cessé et Casillero del Diablo existe encore aujourd'hui !  Vin du segment premium, un assemblage de raisins sélectionnés dans différentes régions. Cabernet sauvignon de la vallée du Maipo au pied des Andes, concentré, épais, Fruit noir, prune, beau boi",
    "promotion": "",
    "Alcohol_percentage": "13.9",
    "Volume": "0.750l",
    "Type_of_Cap": "Natuurlijke kurk",
    "Type_of_wine": "droog",
    "Color": "Rood",
    "Type_of_Box": "Karton",
    "Millésime": "2017"
  },
  {
    "id": "5ea5a135-355a-4ff7-bc1e-89a0e1ebb1dc",
    "Product_name": "Lindeman's | Bin 35 | 75 cl | Delhaize",
    "Price": "6,99 €",
    "Price_per_liter": "9,32 €/l",
    "Wine_Varieties": "80% Grenache, 20% Sangiovese",
    "vegetarian": "False",
    "vegan": "False",
    "food_pairing": [
      "Vis"
    ],
    "image_URL": "https://static.delhaize.be/medias/sys_master/h1c/hff/12431436939294.jpg",
    "URL": "https://www.delhaize.be/fr/shop/Vins-and-bulles/Vins-roses/Australie/Bin-35/p/S2015032400225070014",
    "country_origin": "Australië",
    "Wine_Description": "Lindeman's est une cave australienne qui appartient aujourd'hui à Treasury Wine Estates. Fondée par le Dr Henry Lindeman en 1843 : choqué par l'état de santé des colons, il était convaincu, après ses nombreux voyages à travers l'Europe méditerranéenne, que le vin était la meilleure médecine ! Les premières vignes furent plantées dans la vallée Hunter, en Nouvelle-Galles du Sud, un vignoble qui n'existe plus aujourd'hui. Aujourd'hui, Lindeman's est un géant, avec principalement des vignobles en Australië-Méridionale, dans la vallée Barossa et Coonawarra.  Rosé à base de grenache et de syrah, fermenté dans des cuves en inox. Rosé vif aux aroma's de fruits d'été et acides frais.",
    "promotion": "2+1 Gratis",
    "Alcohol_percentage": "13",
    "Volume": "0.750l",
    "Type_of_Cap": "Schroefdop",
    "Type_of_wine": "demi-droog",
    "Color": "Rosé",
    "Type_of_Box": "Karton",
    "Millésime": "2018"
  },
  {
    "id": "6c539756-3966-449f-bcb7-06611ba7ea67",
    "Product_name": "Danie De Wet | Chardonnay sur Lie | 75 cl | Delhaize",
    "Price": "7,99 €",
    "Price_per_liter": "10,65 €/l",
    "Wine_Varieties": "100% Chardonnay",
    "vegetarian": "False",
    "vegan": "False",
    "food_pairing": [
      "Aperitief",
      "Vis",
      "Lam"
    ],
    "image_URL": "https://static.delhaize.be/medias/sys_master/h7a/hce/12431444017182.jpg",
    "URL": "https://www.delhaize.be/fr/shop/Vins-and-bulles/Vins-blancs/Afrique-du-Sud/Chardonnay-sur-Lie/p/S2019043000248150000",
    "country_origin": "Afrique du Sud",
    "Wine_Description": "Danie De Wet est qualifié à juste titre de pape du vin en Afrique du Sud ou, mieux, l'homme qui a appris à son peuple à faire du chardonnay, une expérience acquise après ses études à l'université allemande de Geisenheim et dans de nombreux domaines viticoles européens. Avec son Chardonnay sur Lie, c'est-à-dire vieilli sur lies, il prouve que finesse et caractère peuvent s'allier à la perfection. Chardonnay avec de la personnalité et du caractère, joliment Fruité et avec une frisheid minérale saisissante.",
    "promotion": "",
    "Alcohol_percentage": "14",
    "Volume": "0.750l",
    "Type_of_Cap": "Natuurlijke kurk",
    "Type_of_wine": "droog",
    "Color": "Wit",
    "Type_of_Box": "Karton",
    "Millésime": "2019"
  },
  {
    "id": "d926cadc-67d8-420c-847b-1ac49484ca4d",
    "Product_name": "Santa Tierra | Reserva | Carmenere | 75 cl | Delhaize",
    "Price": "6,99 €",
    "Price_per_liter": "9,32 €/l",
    "Wine_Varieties": "100% Carménère",
    "vegetarian": "True",
    "vegan": "True",
    "food_pairing": [
      "Vis",
      "Gegrild vlees",
      "Pasta"
    ],
    "image_URL": "https://static.delhaize.be/medias/sys_master/h0a/h6a/12431038414878.jpg",
    "URL": "https://www.delhaize.be/fr/shop/Vins-and-bulles/Vins-rouges/Chili/Reserva-Carmenere/p/S2019021300210300010",
    "country_origin": "Chili",
    "Wine_Description": "Le nom fait référence au village viticole du même nom situé dans le Mâconnais, la pointe la plus méridionale de la Bourgogne, confinant le Beaujolais. Le chardonnay prospère à merveille sur les flancs de cette « roche vineuse » truffée de calcaire prospère. La combinaison de cépage, de terroir et de climat produit un vin Wit élégant, gras et plein, dominé par les fruits blancs mûrs et une frisheid minérale saisissante.",
    "promotion": "",
    "Alcohol_percentage": "13.5",
    "Volume": "0.750l",
    "Type_of_Cap": "Natuurlijke kurk",
    "Type_of_wine": "droog",
    "Color": "Rood",
    "Type_of_Box": "Karton",
    "Millésime": "2018"
  },
  {
    "id": "ed9806e6-15ff-4807-b796-96f055c0e9f3",
    "Product_name": "Danie De Wet | Limestone Hill | Chardonnay | 75 cl | Delhaize",
    "Price": "9,99 €",
    "Price_per_liter": "13,32 €/l",
    "Wine_Varieties": "100% Chardonnay",
    "vegetarian": "False",
    "vegan": "False",
    "food_pairing": [
      "Pasta",
      "Varkensvlees",
      "Zeevruchten"
    ],
    "image_URL": "https://static.delhaize.be/medias/sys_master/products/h45/he0/13140198031390.jpg",
    "URL": "https://www.delhaize.be/fr/shop/Vins-and-bulles/Vins-blancs/Afrique-du-Sud/Limestone-Hill-Chardonnay/p/S2019043000247710000",
    "country_origin": "Afrique du Sud",
    "Wine_Description": "",
    "promotion": "",
    "Alcohol_percentage": "13.5",
    "Volume": "0.750l",
    "Type_of_Cap": "Schroefdop",
    "Type_of_wine": "droog",
    "Color": "Wit",
    "Type_of_Box": "Karton",
    "Millésime": "2019"
  },
  {
    "id": "95080d3c-85f4-4d54-ba86-74cb91e57d66",
    "Product_name": "Las Puertas | Merlot | 3 l | Delhaize",
    "Price": "16,99 €",
    "Price_per_liter": "5,66 €/l",
    "Wine_Varieties": "",
    "vegetarian": "False",
    "vegan": "False",
    "food_pairing": [],
    "image_URL": "https://static.delhaize.be/medias/sys_master/h6d/h83/12430849474590.jpg",
    "URL": "https://www.delhaize.be/fr/shop/Vins-and-bulles/Vins-rouges/Les-cubi/Merlot/p/S2022042000621040000",
    "country_origin": "Frankrijk",
    "Wine_Description": "",
    "promotion": "",
    "Alcohol_percentage": null,
    "Volume": null,
    "Type_of_Cap": null,
    "Type_of_wine": null,
    "Color": null,
    "Type_of_Box": null,
    "Millésime": null
  },
  {
    "id": "f6c9e172-9fea-4eb1-b62d-c1ffbde579e4",
    "Product_name": "Secret des Plages | Pays d'Hérault | 75 cl | Delhaize",
    "Price": "8,99 €",
    "Price_per_liter": "11,99 €/l",
    "Wine_Varieties": "40% Cinsault, 30% Grenache, 30% Carignan",
    "vegetarian": "True",
    "vegan": "True",
    "food_pairing": [
      "Vis",
      "Pizza",
      "Salade"
    ],
    "image_URL": "https://static.delhaize.be/medias/sys_master/products/h59/h4d/13023702679582.jpg",
    "URL": "https://www.delhaize.be/fr/shop/Vins-and-bulles/Vins-roses/France/Languedoc-Roussillon/Pays-d-Herault/p/S2022122200668560000",
    "country_origin": "Frankrijk",
    "Wine_Description": "",
    "promotion": "2+1 Gratis",
    "Alcohol_percentage": "13",
    "Volume": "0.750l",
    "Type_of_Cap": "Natuurlijke kurk",
    "Type_of_wine": "droog",
    "Color": "Rosé",
    "Type_of_Box": "Karton",
    "Millésime": "2022"
  },
  {
    "id": "af6aa886-a55e-45c3-83fc-fa846c12be36",
    "Product_name": "Bohemia | Sekt | Brut | 75 cl | Delhaize",
    "Price": "11,99 €",
    "Price_per_liter": "15,99 €/l",
    "Wine_Varieties": "Rheinriesling, Pinot Blanc, Welschriesling",
    "vegetarian": "True",
    "vegan": "False",
    "food_pairing": [],
    "image_URL": "https://static.delhaize.be/medias/sys_master/h4a/hcc/11187823345694.jpg",
    "URL": "https://www.delhaize.be/fr/shop/Vins-and-bulles/Bulles/Autres-effervescents/Blanc/Sekt-Brut/p/S2003051600239390000",
    "country_origin": "République Tchèque",
    "Wine_Description": "Bohemia Sekt fut le premier vin Mousserende wijn produit en République tchèque et demeure à ce jour le plus populaire. Le Prestige est le produit phare de la gamme et consiste en un mélange de rheinriesling et de pinot Wit du sud de la Moravie. Ce vin Mousserende wijn de caractère, ample et Fruité repose sur lies pendant 15 à 18 mois. Il présente des aroma's de pâtisserie, une grande frisheid ainsi qu'une belle longueur.",
    "promotion": "",
    "Alcohol_percentage": "13",
    "Volume": "0.750l",
    "Type_of_Cap": "Natuurlijke kurk",
    "Type_of_wine": "brut",
    "Color": "Wit",
    "Type_of_Box": "Karton",
    "Millésime": null
  },
  {
    "id": "31bdba54-b9e1-4874-afa7-7fcfcffe5b5c",
    "Product_name": "Vranken | Demoiselle | Champagne | Tête de Cuvée | Brut | 20 cl | Delhaize",
    "Price": "13,99 €",
    "Price_per_liter": "69,95 €/l",
    "Wine_Varieties": "33% Chardonnay, 33% Pinot Meunier, 33% Pinot Noir",
    "vegetarian": "True",
    "vegan": "True",
    "food_pairing": [
      "Sushi"
    ],
    "image_URL": "https://static.delhaize.be/medias/sys_master/ha4/h2a/12498650562590.jpg",
    "URL": "https://www.delhaize.be/fr/shop/Vins-and-bulles/Bulles/Champagne/Blanc/Champagne-Tete-de-Cuvee-Brut/p/S2016012503621800000",
    "country_origin": "Frankrijk",
    "Wine_Description": "La success story de notre compatriote Paul-François Vranken est maintenant assez connue. Le groupe Vranken-Pommery Monopole a été fondé en 1976 et compte aujourd'hui des marques comme Vranken, Demoiselle et Pommery. Après la holding de luxe LVMH, Vranken-Pommery est à l'heure actuelle le 2e plus grand groupe de Champagne.  85 % chardonnay et 15 % pinot noir donnent un Champagne équilibré avec une opulence agréable et une excellente frisheid.",
    "promotion": "",
    "Alcohol_percentage": "12.5",
    "Volume": "0.200l",
    "Type_of_Cap": "Natuurlijke kurk",
    "Type_of_wine": "brut",
    "Color": "Wit",
    "Type_of_Box": "Karton",
    "Millésime": null
  },
  {
    "id": "8e82154d-cd19-499b-a7d9-1025c5e15d6b",
    "Product_name": "Delhaize | Bergerac Sec | 3 l | Delhaize",
    "Price": "13,99 €",
    "Price_per_liter": "4,66 €/l",
    "Wine_Varieties": "",
    "vegetarian": "False",
    "vegan": "False",
    "food_pairing": [],
    "image_URL": "https://static.delhaize.be/medias/sys_master/products/hb0/h80/13088748470302.jpg",
    "URL": "https://www.delhaize.be/fr/shop/Vins-and-bulles/Vins-blancs/Les-cubi/Bergerac-Sec/p/S2022042200622620000",
    "country_origin": "Frankrijk",
    "Wine_Description": "",
    "promotion": "",
    "Alcohol_percentage": null,
    "Volume": null,
    "Type_of_Cap": null,
    "Type_of_wine": null,
    "Color": null,
    "Type_of_Box": null,
    "Millésime": null
  },
  {
    "id": "37391c58-6435-4b80-9af7-8c67d7b8a8bc",
    "Product_name": "Anna Perenna | Vino Spumante | Rosato | Extra Dry | 75 cl | Delhaize",
    "Price": "8,99 €",
    "Price_per_liter": "11,99 €/l",
    "Wine_Varieties": "100% Merlot",
    "vegetarian": "True",
    "vegan": "True",
    "food_pairing": [
      "Aperitief"
    ],
    "image_URL": "https://static.delhaize.be/medias/sys_master/h11/ha3/11230300635166.jpg",
    "URL": "https://www.delhaize.be/fr/shop/Vins-and-bulles/Bulles/Autres-effervescents/Rose/Vino-Spumante-Rosato-Extra-Dry/p/S2016031803640400000",
    "country_origin": "Italië",
    "Wine_Description": "Vin Mousserende wijn de la région de Vénétie, dans le nord de l'Italië, dont le nom fait référence à la déesse romaine du printemps qui est célébrée chaque année le 15 mars. Elle est un symbole de santé, de longévité et de renouveau. À Rome, elle possède même sa propre fontaine, découverte accidentellement dans un parking souterrain.   Il ne s'agit pas ici d'un Prosecco, mais bien d'un spumante - le Prosecco rosé ne sera autorisé qu'à partir de 2020 - à base de variétés noires typiques de la Vénétie. Fruité et frais avec une finale croquante de fraise et de cerise.",
    "promotion": "",
    "Alcohol_percentage": "11.5",
    "Volume": "0.750l",
    "Type_of_Cap": "Natuurlijke kurk",
    "Type_of_wine": "brut",
    "Color": "Rosé",
    "Type_of_Box": "Karton",
    "Millésime": null
  },
  {
    "id": "0b8ca8e3-63e5-4605-848a-cce51856cd72",
    "Product_name": "Vinas Del Vero | Rosado | 75 cl | Delhaize",
    "Price": "5,99 €",
    "Price_per_liter": "7,99 €/l",
    "Wine_Varieties": "50% Cabernet Sauvignon, 50% Tempranillo",
    "vegetarian": "True",
    "vegan": "True",
    "food_pairing": [
      "Pittige gerechten",
      "Tapas"
    ],
    "image_URL": "https://static.delhaize.be/medias/sys_master/products/h0f/h96/12671625003038.jpg",
    "URL": "https://www.delhaize.be/fr/shop/Vins-and-bulles/Vins-roses/Espagne/Rosado/p/S2022020300471140096",
    "country_origin": "Spanje",
    "Wine_Description": "",
    "promotion": "2+1 Gratis",
    "Alcohol_percentage": "13.5",
    "Volume": "0.750l",
    "Type_of_Cap": "Schroefdop",
    "Type_of_wine": "droog",
    "Color": "Rosé",
    "Type_of_Box": "Karton",
    "Millésime": "2023"
  },
  {
    "id": "67863e45-9951-4e99-9693-0fa0a340d887",
    "Product_name": "Chevalier | Crémant de Bourgogne | Brut | 75 cl | Delhaize",
    "Price": "13,99 €",
    "Price_per_liter": "18,65 €/l",
    "Wine_Varieties": "50% Chardonnay, 20% Pinot Noir, 20% Gamay, 10% Aligoté",
    "vegetarian": "False",
    "vegan": "False",
    "food_pairing": [
      "Fruit",
      "Zeevruchten",
      "Dessert"
    ],
    "image_URL": "https://static.delhaize.be/medias/sys_master/h72/h4c/12003265347614.jpg",
    "URL": "https://www.delhaize.be/fr/shop/Vins-and-bulles/Bulles/Cremant/Blanc/Cremant-de-Bourgogne-Brut/p/S1985110700239100000",
    "country_origin": "Frankrijk",
    "Wine_Description": "Les premiers vins Mousserende wijn en Bourgogne remontent à 1830, mais ce n'est qu'en 1975 que l'appellation officielle Crémant de Bourgogne est née. Il peut être produit sur l'ensemble du territoire, qui compte actuellement quelque 2 600 hectares de vignes. Uniquement disponible en Wit et rosé, deuxième fermentation en bouteille et dominance du chardonnay et du pinot noir, même si le gamay, l'aligoté, le melon et le sacy sont également autorisés.  Le Crémant Wit est serré et droog, d'abord floral, puis Fruité, avec des tonen de pâtisserie et de pain grillé.",
    "promotion": "",
    "Alcohol_percentage": "12",
    "Volume": "0.750l",
    "Type_of_Cap": "Liège aggloméré",
    "Type_of_wine": "brut",
    "Color": "Wit",
    "Type_of_Box": "Karton",
    "Millésime": null
  },
  {
    "id": "81058a5e-b79b-4811-9890-d2c515c961e4",
    "Product_name": "Veuve Clicquot | Champagne | Rosé | Brut | 75 cl | Delhaize",
    "Price": "56,99 €",
    "Price_per_liter": "75,99 €/l",
    "Wine_Varieties": "50 - 5% Pinot Noir, 28 - 3% Chardonnay, 15 - 2% Meunier",
    "vegetarian": "False",
    "vegan": "False",
    "food_pairing": [
      "Dessert"
    ],
    "image_URL": "https://static.delhaize.be/medias/sys_master/products/h97/hef/12940899483678.jpg",
    "URL": "https://www.delhaize.be/fr/shop/Vins-and-bulles/Bulles/Champagne/Rose/Champagne-Rose-Brut/p/S2014060300243550000",
    "country_origin": "Frankrijk",
    "Wine_Description": "La maison de Champagne Veuve Clicquot Ponsardin fut fondée en 1772. La maison doit son nom à Nicole-Barbe Clicquot-Ponsardin, une femme d'affaires qui a pris les rênes de l'entreprise à la mort de son mari. Elle a ensuite cédé la maison de Champagne et une grande partie des vignes (286 ha) à son compagnon Édouard Werlé. Avec son fils, celui-ci a dirigé la maison jusqu'en 1987, avant que Veuve Clicquot ne passe aux mains de la société de luxe LVMH (Louis Vuitton Moët Hennessy), aujourd'hui premier producteur de Champagne.  Veuve Clicquot est le tout premier Champagne rosé à avoir été introduit sur le marché. Même composition que le brut, mais avec ajout de 12% de vin Rood pinot noir. Fruité, avec des tonen de fraises des Hout, ample et structuré, très belle longueur.",
    "promotion": "",
    "Alcohol_percentage": "12.50",
    "Volume": "0.750l",
    "Type_of_Cap": "Natuurlijke kurk",
    "Type_of_wine": "brut",
    "Color": "Rosé",
    "Type_of_Box": "Karton",
    "Millésime": null
  },
  {
    "id": "67536ef0-7753-4405-ba15-4250bbc1e0c1",
    "Product_name": "Vina Pomal | Reserva | Rioja | 75 cl | Delhaize",
    "Price": "13,99 €",
    "Price_per_liter": "18,65 €/l",
    "Wine_Varieties": "",
    "vegetarian": "False",
    "vegan": "False",
    "food_pairing": [],
    "image_URL": "https://static.delhaize.be/medias/sys_master/products/h21/h20/12795547353118.jpg",
    "URL": "https://www.delhaize.be/fr/shop/Vins-and-bulles/Vins-rouges/Espagne/Reserva-Rioja/p/S2021121500594270000",
    "country_origin": "Spanje",
    "Wine_Description": "",
    "promotion": "",
    "Alcohol_percentage": null,
    "Volume": null,
    "Type_of_Cap": null,
    "Type_of_wine": null,
    "Color": null,
    "Type_of_Box": null,
    "Millésime": null
  },
  {
    "id": "df8a433e-9a53-4691-9fe8-5cf04896b461",
    "Product_name": "Vinas Del Vero | Gran Vos Reserva | 75 cl | Delhaize",
    "Price": "12,99 €",
    "Price_per_liter": "17,32 €/l",
    "Wine_Varieties": "50% Cabernet Sauvignon, 50% Merlot",
    "vegetarian": "False",
    "vegan": "False",
    "food_pairing": [
      "Chocolat",
      "Ragout",
      "Wild"
    ],
    "image_URL": "https://static.delhaize.be/medias/sys_master/products/h2a/h54/12675393486878.jpg",
    "URL": "https://www.delhaize.be/fr/shop/Vins-and-bulles/Vins-rouges/Espagne/Gran-Vos-Reserva/p/S2022051900627980000",
    "country_origin": "Spanje",
    "Wine_Description": "",
    "promotion": "",
    "Alcohol_percentage": "14",
    "Volume": "0.750l",
    "Type_of_Cap": "Natuurlijke kurk",
    "Type_of_wine": "droog",
    "Color": "Rood",
    "Type_of_Box": "Karton",
    "Millésime": "2017"
  },
  {
    "id": "345df865-947a-4af3-9399-9f1eaab4ada7",
    "Product_name": "Gerard Bertrand | Solar 6 | Cévennes | Grenache | Biologisch | 75 cl | Delhaize",
    "Price": "7,99 €",
    "Price_per_liter": "10,65 €/l",
    "Wine_Varieties": "100% Grenache",
    "vegetarian": "False",
    "vegan": "False",
    "food_pairing": [
      "Aperitief",
      "Salade"
    ],
    "image_URL": "https://static.delhaize.be/medias/sys_master/products/h76/h00/12730658390046.jpg",
    "URL": "https://www.delhaize.be/fr/shop/Vins-and-bulles/Vins-roses/France/Languedoc-Roussillon/Cevennes-Grenache-Bio/p/S2022011200469900000",
    "country_origin": "Frankrijk",
    "Wine_Description": "",
    "promotion": "2+1 Gratis",
    "Alcohol_percentage": "13.5",
    "Volume": "0.750l",
    "Type_of_Cap": "Liège aggloméré",
    "Type_of_wine": "droog",
    "Color": "Rosé",
    "Type_of_Box": "Karton",
    "Millésime": "2021"
  },
  {
    "id": "334dc4eb-a96b-4f92-b82f-57bf3f5c7a84",
    "Product_name": "Torrae Del Sale | Montepulciano d'Abruzzo | Biologisch | 75 cl | Delhaize",
    "Price": "5,99 €",
    "Price_per_liter": "7,99 €/l",
    "Wine_Varieties": "100% Montepulciano",
    "vegetarian": "True",
    "vegan": "False",
    "food_pairing": [
      "Barbecue",
      "Ragout"
    ],
    "image_URL": "https://static.delhaize.be/medias/sys_master/h2a/ha0/12433684660254.jpg",
    "URL": "https://www.delhaize.be/fr/shop/Vins-and-bulles/Vins-rouges/Italie/Montepulciano-d-Abruzzo-Bio/p/S2022021800607180000",
    "country_origin": "Italië",
    "Wine_Description": "",
    "promotion": "",
    "Alcohol_percentage": "13.5",
    "Volume": "0.750l",
    "Type_of_Cap": "Schroefdop",
    "Type_of_wine": "droog",
    "Color": "Rood",
    "Type_of_Box": "Karton",
    "Millésime": "2022"
  },
  {
    "id": "96e308ac-6e0f-456f-8e18-45156bca2155",
    "Product_name": "Filipetti | Vino Spumante | Moscato | Bianco | Dolce | 75 cl | Delhaize",
    "Price": "3,49 €",
    "Price_per_liter": "4,65 €/l",
    "Wine_Varieties": "100% Moscato",
    "vegetarian": "True",
    "vegan": "False",
    "food_pairing": [
      "Dessert"
    ],
    "image_URL": "https://static.delhaize.be/medias/sys_master/h3e/hd4/11710819926046.jpg",
    "URL": "https://www.delhaize.be/fr/shop/Vins-and-bulles/Bulles/Autres-effervescents/Blanc/Vino-Spumante-Moscato-Bianco-Dolce/p/S2009022400239990000",
    "country_origin": "Italië",
    "Wine_Description": "Filipetti s'est forgé une belle réputation de vins Mousserende wijn à base de muscato. L'entreprise est située au coeur d'Asti, connu comme le centre des vins Mousserende wijn dans la région du Piémont. Pour faire du Moscato bianco, le jus filtré fermente en cuve à basse température jusqu'à ce que le rapport alcool/sucres restants soit optimal.  Le Moscato bianco est à la fois floral et Fruité avec des tonen muscadées prononcées et une agréable frisheid pétillante.",
    "promotion": "",
    "Alcohol_percentage": "6.5",
    "Volume": "0.750l",
    "Type_of_Cap": "Liège aggloméré",
    "Type_of_wine": "doux",
    "Color": "Wit",
    "Type_of_Box": "Karton",
    "Millésime": null
  },
  {
    "id": "684e867c-d14b-4166-8568-fc680852624d",
    "Product_name": "Chateau Latour à Pomerol | Pomerol | 2017 | 75 cl | Delhaize",
    "Price": "89,99 €",
    "Price_per_liter": "119,99 €/l",
    "Wine_Varieties": "",
    "vegetarian": "False",
    "vegan": "False",
    "food_pairing": [],
    "image_URL": "https://static.delhaize.be/medias/sys_master/products/h33/ha1/13006508589086.jpg",
    "URL": "https://www.delhaize.be/fr/shop/Vins-and-bulles/Vins-rouges/Exclusivites-en-ligne/France-Bordeaux/Pomerol-2017/p/S2018122000141850000",
    "country_origin": "Frankrijk",
    "Wine_Description": "",
    "promotion": "",
    "Alcohol_percentage": null,
    "Volume": null,
    "Type_of_Cap": null,
    "Type_of_wine": null,
    "Color": null,
    "Type_of_Box": null,
    "Millésime": null
  },
  {
    "id": "1eb7313d-77fc-44e0-ba7a-0d86f4112e7d",
    "Product_name": "Duval-Leroy | Champagne | Brut | 37,5 cl | Delhaize",
    "Price": "19,99 €",
    "Price_per_liter": "53,31 €/l",
    "Wine_Varieties": "60% Pinot Noir, 30% Pinot Meunier, 10% Chardonnay",
    "vegetarian": "True",
    "vegan": "True",
    "food_pairing": [
      "Barbecue",
      "Vis",
      "Fromages doux"
    ],
    "image_URL": "https://static.delhaize.be/medias/sys_master/hc0/hb5/11091161972766.jpg",
    "URL": "https://www.delhaize.be/fr/shop/Vins-and-bulles/Bulles/Champagne/Blanc/Champagne-Brut/p/S2002083000240250000",
    "country_origin": "Frankrijk",
    "Wine_Description": "Maison de Champagne réputée, fondée en 1859 des suites de l'association des familles Duval et Leroy à Vertus. Après le décès de son mari en 1991, c'est notre compatriote Carol Duval-Leroy, l'une des femmes les plus actives et les plus innovantes dans le monde du Champagne, qui dirige l'entreprise. Son vignoble s'étend sur 200 ha, dont une grande partie de Grands Crus sur la célèbre Côte des Blancs (au sud d'Epernay). Aujourd'hui, il s'agit de l'une des dernières grandes maisons de Champagne familiales. En cave aussi, on retrouve une femme : Sandrine Logette-Jardin, une viticultrice de renom, qui a créé beaucoup de nouvelles cuvées ces dernières années.  Le brut Réserve (60% pinot noir, 30% pinot meunier et 10% chardonnay) constitue en quelque sorte la carte de visite de la maison. Élégant et joliment Fruité, avec une frisheid impeccable.",
    "promotion": "",
    "Alcohol_percentage": "12",
    "Volume": "0.375l",
    "Type_of_Cap": "Natuurlijke kurk",
    "Type_of_wine": "brut",
    "Color": "Wit",
    "Type_of_Box": "Karton",
    "Millésime": null
  },
  {
    "id": "437adeb7-7577-4bad-90c4-3f762192b82e",
    "Product_name": "Mionetto | 0 % | vin mousseux sans alcool | 75 cl | Delhaize",
    "Price": "6,99 €",
    "Price_per_liter": "9,32 €/l",
    "Wine_Varieties": "",
    "vegetarian": "False",
    "vegan": "False",
    "food_pairing": [],
    "image_URL": "https://static.delhaize.be/medias/sys_master/h9b/h39/12402442371102.jpg",
    "URL": "https://www.delhaize.be/fr/shop/Vins-and-bulles/Vins-et-mousseux-sans-alcool/Mousseux/0-vin-mousseux-sans-alcool/p/S2021042200538010000",
    "country_origin": "Frankrijk",
    "Wine_Description": "",
    "promotion": "",
    "Alcohol_percentage": "0",
    "Volume": "0.750l",
    "Type_of_Cap": null,
    "Type_of_wine": null,
    "Color": null,
    "Type_of_Box": null,
    "Millésime": null
  },
  {
    "id": "b16ba339-f2ee-43a6-b0a4-9b58af109b67",
    "Product_name": "Torrae Del Sale | Puglia | Sangiovese | Biologisch | 75 cl | Delhaize",
    "Price": "5,99 €",
    "Price_per_liter": "7,99 €/l",
    "Wine_Varieties": "100% Sangiovese",
    "vegetarian": "True",
    "vegan": "False",
    "food_pairing": [
      "Barbecue",
      "Pasta",
      "Pizza"
    ],
    "image_URL": "https://static.delhaize.be/medias/sys_master/h13/hab/12433467670558.jpg",
    "URL": "https://www.delhaize.be/fr/shop/Vins-and-bulles/Vins-rouges/Italie/Puglia-Sangiovese-Bio/p/S2022030900496140096",
    "country_origin": "Italië",
    "Wine_Description": "",
    "promotion": "",
    "Alcohol_percentage": "13.5",
    "Volume": "0.750l",
    "Type_of_Cap": "Schroefdop",
    "Type_of_wine": "droog",
    "Color": "Rood",
    "Type_of_Box": "Karton",
    "Millésime": "2022"
  },
  {
    "id": "656578a8-166b-4ec7-87d5-af8c9baecb7a",
    "Product_name": "Trivento | Reserve | Malbec | 75 cl | Delhaize",
    "Price": "7,99 €",
    "Price_per_liter": "10,65 €/l",
    "Wine_Varieties": "100% Malbec",
    "vegetarian": "True",
    "vegan": "True",
    "food_pairing": [
      "Barbecue",
      "Gegrild vlees",
      "Varkensvlees"
    ],
    "image_URL": "https://static.delhaize.be/medias/sys_master/products/h50/h4d/13037229703198.jpg",
    "URL": "https://www.delhaize.be/fr/shop/Vins-and-bulles/Vins-rouges/Argentine/Reserve-Malbec/p/S2015032300220630014",
    "country_origin": "Argentinië",
    "Wine_Description": "La Bodegas Trivento a été fondée en 1996. Une jeune entreprise ultramoderne dont le nom s'inspire des trois vents soufflant sur l'Argentinië : le Polar, le Zonda et le Sudestada. Ensemble, ils forment l'Eolo, appelé également 'vent des dieux', et en partie responsable du beau climat propice à la viticulture, qui règne à Mendoza. Ce vent assure un refroidissement nécessaire pour que les raisins mûrissent lentement et à des températures modérées, surtout la nuit.. Malbec mûr mais frais, souligné par des fruits rouges et noirs juteux avec des tonen épicées.",
    "promotion": "",
    "Alcohol_percentage": "13",
    "Volume": "0.750l",
    "Type_of_Cap": "Schroefdop",
    "Type_of_wine": "droog",
    "Color": "Rood",
    "Type_of_Box": "Karton",
    "Millésime": "2017"
  },
  {
    "id": "565628f4-1939-424d-ae37-15b319872805",
    "Product_name": "Quinta Do Espirito Santo | Vinho Regional Lisboa | 3 l | Delhaize",
    "Price": "15,99 €",
    "Price_per_liter": "5,33 €/l",
    "Wine_Varieties": "50% Tinta Roriz, 50% Castelão",
    "vegetarian": "True",
    "vegan": "True",
    "food_pairing": [
      "Steak"
    ],
    "image_URL": "https://static.delhaize.be/medias/sys_master/products/h82/hb3/12984269209630.jpg",
    "URL": "https://www.delhaize.be/fr/shop/Vins-and-bulles/Vins-rouges/Les-cubi/Vinho-Regional-Lisboa/p/S2022113000662140000",
    "country_origin": "Portugal",
    "Wine_Description": "",
    "promotion": "",
    "Alcohol_percentage": "14.5",
    "Volume": "3.0l",
    "Type_of_Cap": "Bag in box",
    "Type_of_wine": "droog",
    "Color": "Rood",
    "Type_of_Box": "Karton",
    "Millésime": "2019"
  },
  {
    "id": "216159eb-31e3-475b-aca5-f7a97786e65b",
    "Product_name": "Mionetto | Prosecco | Brut | 1,5 l | Delhaize",
    "Price": "22,99 €",
    "Price_per_liter": "15,33 €/l",
    "Wine_Varieties": "100% Glera",
    "vegetarian": "True",
    "vegan": "True",
    "food_pairing": [
      "Vis",
      "Groenten"
    ],
    "image_URL": "https://static.delhaize.be/medias/sys_master/hd0/hff/11426914402334.jpg",
    "URL": "https://www.delhaize.be/fr/shop/Vins-and-bulles/Bulles/Prosecco/Blanc/Prosecco-Brut/p/S2017090804176100000",
    "country_origin": "Italië",
    "Wine_Description": "Mionetto est un des pionniers et plus gros producteurs de Prosecco. Maison fondée en 1887 par Francesco Mionetto et située en Vénétie. Les vignobles couvrent les collines de Valdobbiadene au nord de la Vénétie.   L'entreprise a joué un rôle de pionnier dans la mise au point d'une vinification moderne. C'est d'ailleurs ce qui ressort dans ce vin Mousserende wijn agréable et facile à boire, à base de glera, avec ses tonen séduisantes florales et fruitiges.",
    "promotion": "",
    "Alcohol_percentage": "11",
    "Volume": "1.5l",
    "Type_of_Cap": "Natuurlijke kurk",
    "Type_of_wine": "brut",
    "Color": "Wit",
    "Type_of_Box": "Karton",
    "Millésime": null
  },
  {
    "id": "8b0d37f2-e162-4c34-af2e-32b5e7cafc0a",
    "Product_name": "de Castellane | Champagne | Brut | 75 cl | Delhaize",
    "Price": "29,99 €",
    "Price_per_liter": "39,99 €/l",
    "Wine_Varieties": "35% Chardonnay, 35% Pinot Meunier, 30% Pinot Noir",
    "vegetarian": "True",
    "vegan": "True",
    "food_pairing": [
      "Charcuterie",
      "Gevogelte",
      "Zeevruchten"
    ],
    "image_URL": "https://static.delhaize.be/medias/sys_master/ha3/hbe/12498674090014.jpg",
    "URL": "https://www.delhaize.be/fr/shop/Vins-and-bulles/Bulles/Champagne/Blanc/Champagne-Brut/p/S2011042900241370000",
    "country_origin": "Frankrijk",
    "Wine_Description": "Impressionnante maison de Champagne située sur la célèbre avenue de Champagne à Epernay, fondée en 1895 et faisant aujourd'hui partie du groupe Laurent Perrier. Le brut classique est la carte de visite de la maison , élaboré à partir des trois cépages traditionnels, il associe harmonieusement frisheid, élégance et fruits savoureux. Très populaire, c'est le Champagne parfait pour l'apéritif et les fêtes.",
    "promotion": "",
    "Alcohol_percentage": "12",
    "Volume": "0.750l",
    "Type_of_Cap": "Natuurlijke kurk",
    "Type_of_wine": "brut",
    "Color": "Wit",
    "Type_of_Box": "Karton",
    "Millésime": null
  },
  {
    "id": "cf941fa9-e763-4231-a031-6dd4851155b4",
    "Product_name": "Mionetto | Vino Frizzante | Legatura | Brut | 75 cl | Delhaize",
    "Price": "6,99 €",
    "Price_per_liter": "9,32 €/l",
    "Wine_Varieties": "",
    "vegetarian": "False",
    "vegan": "False",
    "food_pairing": [],
    "image_URL": "https://static.delhaize.be/medias/sys_master/h8a/hd3/12175634956318.jpg",
    "URL": "https://www.delhaize.be/fr/shop/Vins-and-bulles/Bulles/Autres-effervescents/Blanc/Vino-Frizzante-Legatura-Brut/p/S2022030700611980000",
    "country_origin": "Frankrijk",
    "Wine_Description": "",
    "promotion": "",
    "Alcohol_percentage": null,
    "Volume": null,
    "Type_of_Cap": null,
    "Type_of_wine": null,
    "Color": null,
    "Type_of_Box": null,
    "Millésime": null
  },
  {
    "id": "7a500ad2-86de-4b17-a3bd-c028fd39adbb",
    "Product_name": "Faustino | Crianza | 75 cl | Delhaize",
    "Price": "9,99 €",
    "Price_per_liter": "13,32 €/l",
    "Wine_Varieties": "",
    "vegetarian": "False",
    "vegan": "False",
    "food_pairing": [],
    "image_URL": "https://static.delhaize.be/medias/sys_master/products/ha2/h3c/13017532825630.jpg",
    "URL": "https://www.delhaize.be/fr/shop/Vins-and-bulles/Vins-rouges/Espagne/Crianza/p/S2024070400777680000",
    "country_origin": "Spanje",
    "Wine_Description": "",
    "promotion": "",
    "Alcohol_percentage": null,
    "Volume": null,
    "Type_of_Cap": null,
    "Type_of_wine": null,
    "Color": null,
    "Type_of_Box": null,
    "Millésime": null
  },
  {
    "id": "4170427a-56b2-4768-96ed-84ac881e1bee",
    "Product_name": "Hola | Prosecco | Brut | 75 cl | Delhaize",
    "Price": "9,99 €",
    "Price_per_liter": "13,32 €/l",
    "Wine_Varieties": "",
    "vegetarian": "False",
    "vegan": "False",
    "food_pairing": [],
    "image_URL": "https://static.delhaize.be/medias/sys_master/products/h23/hd7/13111997071390.jpg",
    "URL": "https://www.delhaize.be/fr/shop/Vins-and-bulles/Bulles/Prosecco/Blanc/Prosecco-Brut/p/S2022071400639780000",
    "country_origin": "Italië",
    "Wine_Description": "",
    "promotion": "",
    "Alcohol_percentage": null,
    "Volume": null,
    "Type_of_Cap": null,
    "Type_of_wine": null,
    "Color": null,
    "Type_of_Box": null,
    "Millésime": null
  },
  {
    "id": "322c373c-a574-4bb2-bcef-fd2c0e87c60c",
    "Product_name": "Santa Tierra | Natura | Biologisch | 75 cl | Delhaize",
    "Price": "8,99 €",
    "Price_per_liter": "11,99 €/l",
    "Wine_Varieties": "85% Sauvignon Blanc, 15% Sauvignon Gris",
    "vegetarian": "True",
    "vegan": "True",
    "food_pairing": [
      "Salade",
      "Zeevruchten"
    ],
    "image_URL": "https://static.delhaize.be/medias/sys_master/h1f/h8b/12430935195678.jpg",
    "URL": "https://www.delhaize.be/fr/shop/Vins-and-bulles/Vins-blancs/Chili/Natura-Bio/p/S2022032100614890000",
    "country_origin": "Chili",
    "Wine_Description": "",
    "promotion": "",
    "Alcohol_percentage": "13",
    "Volume": "0.750l",
    "Type_of_Cap": "Diam",
    "Type_of_wine": "droog",
    "Color": "Wit",
    "Type_of_Box": "Karton",
    "Millésime": "2021"
  },
  {
    "id": "f269d993-06c8-4529-883f-b247117270ca",
    "Product_name": "Delhaize | Pays d'Oc | Rose Gris | 3 l | Delhaize",
    "Price": "13,99 €",
    "Price_per_liter": "4,66 €/l",
    "Wine_Varieties": "",
    "vegetarian": "False",
    "vegan": "False",
    "food_pairing": [],
    "image_URL": "https://static.delhaize.be/medias/sys_master/h9c/h05/12433938087966.jpg",
    "URL": "https://www.delhaize.be/fr/shop/Vins-and-bulles/Vins-roses/Les-cubi/Pays-d-Oc-Rose-Gris/p/S2022042000621340000",
    "country_origin": "Frankrijk",
    "Wine_Description": "",
    "promotion": "",
    "Alcohol_percentage": null,
    "Volume": null,
    "Type_of_Cap": null,
    "Type_of_wine": null,
    "Color": null,
    "Type_of_Box": null,
    "Millésime": null
  },
  {
    "id": "1d192c7f-4205-4dbe-98ef-fa27f8e007b3",
    "Product_name": "Hola | Cava | Biologisch | Brut | 37,5 cl | Delhaize",
    "Price": "5,99 €",
    "Price_per_liter": "15,97 €/l",
    "Wine_Varieties": "40% Macabeo, 30% Xarel·lo, 30% Parellada",
    "vegetarian": "True",
    "vegan": "True",
    "food_pairing": [
      "Barbecue",
      "Charcuterie",
      "Kaasplank"
    ],
    "image_URL": "https://static.delhaize.be/medias/sys_master/products/h19/h38/13158143459358.jpg",
    "URL": "https://www.delhaize.be/fr/shop/Vins-and-bulles/Bulles/Cava/Blanc/Cava-Bio-Brut/p/S2019030100178250000",
    "country_origin": "Spanje",
    "Wine_Description": "Hola! signifie « salut » en espagnol. Avec ce nom, l'entreprise souhaite souligner la vie pétillante et le mode de vie joyeux des Espagnols. Cava élaboré avec les trois cépages traditionnels, issus de la culture biologique. Vin Mousserende wijn aux tonen fruitiges séduisantes, vif et nerveux. Vin d'apéritif qui donne directement envie de passer à table.",
    "promotion": "",
    "Alcohol_percentage": "11.5",
    "Volume": "0.375l",
    "Type_of_Cap": "Natuurlijke kurk",
    "Type_of_wine": "brut",
    "Color": "Wit",
    "Type_of_Box": "Karton",
    "Millésime": null
  },
  {
    "id": "db26eacd-0f11-477b-97a2-283b7ea99db3",
    "Product_name": "Karas | Special Edition | 75 cl | Delhaize",
    "Price": "9,99 €",
    "Price_per_liter": "13,32 €/l",
    "Wine_Varieties": "50% Kangun, 40% Chardonnay, 10% Viognier",
    "vegetarian": "True",
    "vegan": "False",
    "food_pairing": [
      "Vis",
      "Fruit",
      "Fromages doux"
    ],
    "image_URL": "https://static.delhaize.be/medias/sys_master/h3e/h60/12505068699678.jpg",
    "URL": "https://www.delhaize.be/fr/shop/Vins-and-bulles/Vins-blancs/Autres/Special-Edition/p/S2020080300452240000",
    "country_origin": "Armenië",
    "Wine_Description": "",
    "promotion": "",
    "Alcohol_percentage": "13.5",
    "Volume": "0.750l",
    "Type_of_Cap": "Diam",
    "Type_of_wine": "droog",
    "Color": "Wit",
    "Type_of_Box": "Karton",
    "Millésime": "2019"
  },
  {
    "id": "81fefcf1-3a9a-4452-9f5a-536da6937144",
    "Product_name": "19 Crimes | Cabernet Sauvignon | 75 cl | Delhaize",
    "Price": "9,99 €",
    "Price_per_liter": "13,32 €/l",
    "Wine_Varieties": "100% Cabernet Sauvignon",
    "vegetarian": "False",
    "vegan": "False",
    "food_pairing": [
      "Charcuterie"
    ],
    "image_URL": "https://static.delhaize.be/medias/sys_master/products/hd6/h8b/12653321814046.jpg",
    "URL": "https://www.delhaize.be/fr/shop/Vins-and-bulles/Vins-rouges/Australie/Cabernet-Sauvignon/p/S2020050800427430000",
    "country_origin": "Australië",
    "Wine_Description": "",
    "promotion": "",
    "Alcohol_percentage": "13.5",
    "Volume": "0.750l",
    "Type_of_Cap": "Natuurlijke kurk",
    "Type_of_wine": "droog",
    "Color": "Rood",
    "Type_of_Box": "Karton",
    "Millésime": "2019"
  },
  {
    "id": "fa0f602a-1920-48bf-9b86-aa1d898668ba",
    "Product_name": "Altano | Altano Rood | Biologisch | 75 cl | Delhaize",
    "Price": "8,99 €",
    "Price_per_liter": "11,99 €/l",
    "Wine_Varieties": "40% Touriga Nacional, 30% Touriga Franca, 15% Alicante Bouschet, 10% Tinta Barroca, 5% Tinta Roriz",
    "vegetarian": "True",
    "vegan": "True",
    "food_pairing": [
      "Steak",
      "Sterke kazen",
      "Wild"
    ],
    "image_URL": "https://static.delhaize.be/medias/sys_master/hbf/h22/12433582489630.jpg",
    "URL": "https://www.delhaize.be/fr/shop/Vins-and-bulles/Vins-rouges/Portugal/Altano-Rouge-Bio/p/S2022011800597660000",
    "country_origin": "Portugal",
    "Wine_Description": "",
    "promotion": "",
    "Alcohol_percentage": "13.5",
    "Volume": "0.750l",
    "Type_of_Cap": "Dop",
    "Type_of_wine": "droog",
    "Color": "Rood",
    "Type_of_Box": "Karton",
    "Millésime": "2020"
  },
  {
    "id": "eeaa80db-11b0-4b4f-95b9-c02bacb4d58e",
    "Product_name": "Amboscato | Rosato | 75 cl | Delhaize",
    "Price": "5,99 €",
    "Price_per_liter": "7,99 €/l",
    "Wine_Varieties": "100% Moscato",
    "vegetarian": "True",
    "vegan": "False",
    "food_pairing": [
      "Dessert"
    ],
    "image_URL": "https://static.delhaize.be/medias/sys_master/h1b/he8/12433935859742.jpg",
    "URL": "https://www.delhaize.be/fr/shop/Vins-and-bulles/Vins-roses/Italie/Rosato/p/S2021112400589360000",
    "country_origin": "Italië",
    "Wine_Description": "",
    "promotion": "2+1 Gratis",
    "Alcohol_percentage": "5",
    "Volume": "0.750l",
    "Type_of_Cap": "Schroefdop",
    "Type_of_wine": "doux",
    "Color": "Rosé",
    "Type_of_Box": "Karton",
    "Millésime": null
  },
  {
    "id": "ca600c70-a3ed-4a6a-aa02-3477abe972ad",
    "Product_name": "Mezzacorona | Merlot | 75 cl | Delhaize",
    "Price": "6,99 €",
    "Price_per_liter": "9,32 €/l",
    "Wine_Varieties": "100% Merlot",
    "vegetarian": "True",
    "vegan": "True",
    "food_pairing": [
      "Kaasplank",
      "Gegrild vlees",
      "Varkensvlees"
    ],
    "image_URL": "https://static.delhaize.be/medias/sys_master/h32/h5a/12433765400606.jpg",
    "URL": "https://www.delhaize.be/fr/shop/Vins-and-bulles/Vins-rouges/Italie/Merlot/p/S2022060900630880000",
    "country_origin": "Italië",
    "Wine_Description": "",
    "promotion": "",
    "Alcohol_percentage": "13",
    "Volume": "0.750l",
    "Type_of_Cap": "Schroefdop",
    "Type_of_wine": "droog",
    "Color": "Rood",
    "Type_of_Box": "Karton",
    "Millésime": "2021"
  },
  {
    "id": "bf1347ae-d4b8-442c-8c8c-f6483c3d2d99",
    "Product_name": "Moet & Chandon | Champagne | Brut | 75 cl | Delhaize",
    "Price": "44,99 €",
    "Price_per_liter": "59,99 €/l",
    "Wine_Varieties": "30% Pinot Noir, 30% Meunier, 20% Chardonnay",
    "vegetarian": "False",
    "vegan": "False",
    "food_pairing": [
      "Vis",
      "Zeevruchten",
      "Sushi"
    ],
    "image_URL": "https://static.delhaize.be/medias/sys_master/products/h5f/h96/12712818049054.jpg",
    "URL": "https://www.delhaize.be/fr/shop/Vins-and-bulles/Bulles/Champagne/Blanc/Champagne-Brut/p/S1979010400240660000",
    "country_origin": "Frankrijk",
    "Wine_Description": "Fondée en 1743 à Epernay et actuellement plus grande maison de Champagne avec également le plus grand nombre de vignobles en propre (600 ha dans 13 des 17 communes de grands crus !). Le reste est acquis auprès de plus de 1 000 agriculteurs. Les caves calcaires d'Epernay sont impressionnantes : jusqu'à 30 mètres de profondeur et 28 kilomètres de longueur. 100 millions de bouteilles vieillissent ici.  Le brut classique (50% pinot noir, 40% pinot meunier et 10% chardonnay) caractérise le style de la maison : frais, élégant, bien Fruité et raffiné en finale.",
    "promotion": "",
    "Alcohol_percentage": "12",
    "Volume": "0.750l",
    "Type_of_Cap": "Natuurlijke kurk",
    "Type_of_wine": "brut",
    "Color": "Wit",
    "Type_of_Box": "Karton",
    "Millésime": null
  },
  {
    "id": "550b72c2-109a-4612-978a-64e9a67de9f1",
    "Product_name": "Hola | Cava | Rosé | Biologisch | Brut | 37,5 cl | Delhaize",
    "Price": "5,99 €",
    "Price_per_liter": "15,97 €/l",
    "Wine_Varieties": "50% Macabeo, 25% Xarel·lo, 25% Pinot Noir",
    "vegetarian": "True",
    "vegan": "True",
    "food_pairing": [
      "Charcuterie",
      "Kaasplank",
      "Chocolat"
    ],
    "image_URL": "https://static.delhaize.be/medias/sys_master/had/h23/12498637717534.jpg",
    "URL": "https://www.delhaize.be/fr/shop/Vins-and-bulles/Bulles/Cava/Rose/Cava-Rose-Bio-Brut/p/S2016120903680290000",
    "country_origin": "Spanje",
    "Wine_Description": "Hola, « bonjour » en espagnol, a été créé par Bodegas Desde Barcelona, une marque branchée qui veut souligner l'atmosphère exubérante de Barcelone. Sur les bouteilles trône « El Flor » de Barcelona. Il s'agit de la dalle de trottoir typique en forme de fleur, icône de la métropole, que l'on voit partout dans les rues de Barcelone.   Le Pink brut est un rosé droog, bien frais, caractérisé par des aroma's de fraises des Hout, de cassis et d'agrumes.",
    "promotion": "",
    "Alcohol_percentage": "11.5",
    "Volume": "0.375l",
    "Type_of_Cap": "Natuurlijke kurk",
    "Type_of_wine": "brut",
    "Color": "Rosé",
    "Type_of_Box": "Karton",
    "Millésime": null
  },
  {
    "id": "664349d4-c9c4-486c-b812-e9918cdc4d38",
    "Product_name": "Delhaize | Julienas | 75 cl | Delhaize",
    "Price": "8,99 €",
    "Price_per_liter": "11,99 €/l",
    "Wine_Varieties": "",
    "vegetarian": "False",
    "vegan": "False",
    "food_pairing": [],
    "image_URL": "https://static.delhaize.be/medias/sys_master/hb8/hf9/12381177511966.jpg",
    "URL": "https://www.delhaize.be/fr/shop/Vins-and-bulles/Vins-rouges/France/Beaujolais/Julienas/p/S2022072600641840000",
    "country_origin": "Frankrijk",
    "Wine_Description": "",
    "promotion": "",
    "Alcohol_percentage": null,
    "Volume": null,
    "Type_of_Cap": null,
    "Type_of_wine": null,
    "Color": null,
    "Type_of_Box": null,
    "Millésime": null
  },
  {
    "id": "25888e12-98c2-46ff-9b89-36de4d434456",
    "Product_name": "Bernard-Massard | Chardonnay | Brut | 75 cl | Delhaize",
    "Price": "13,99 €",
    "Price_per_liter": "18,65 €/l",
    "Wine_Varieties": "Chardonnay",
    "vegetarian": "True",
    "vegan": "True",
    "food_pairing": [
      "Sushi",
      "Dessert",
      "Tapas"
    ],
    "image_URL": "https://static.delhaize.be/medias/sys_master/h07/hf2/11701257207838.jpg",
    "URL": "https://www.delhaize.be/fr/shop/Vins-and-bulles/Bulles/Autres-effervescents/Blanc/Chardonnay-Brut/p/S2013043000239840000",
    "country_origin": "Luxembourg",
    "Wine_Description": "Bernard-Massard, fondé en 1921 par Jean Bernard Massard à Grevenmacher et presque centenaire, est de loin le plus grand producteur de vins Mousserende wijn luxembourgeois, élaborés selon la méthode traditionnelle ou seconde fermentation sur bouteille. Véritable entreprise familiale depuis 5 générations, elle produit aujourd'hui 3,5 millions de bouteilles de vins tranquilles et effervescents par an. L'année dernière, des investissements massifs ont été réalisés dans de nouvelles installations de production, faisant de Bernard-Massard l'une des caves les plus modernes d'Europe.   Uniquement du chardonnay dans ce vin Mousserende wijn bien droog, à la fois floral et Fruité, avec des tonen de fruits blancs et de brioche.",
    "promotion": "",
    "Alcohol_percentage": "12",
    "Volume": "0.750l",
    "Type_of_Cap": "Natuurlijke kurk",
    "Type_of_wine": "brut",
    "Color": "Wit",
    "Type_of_Box": "Karton",
    "Millésime": null
  },
  {
    "id": "8f41f239-a13e-45bd-b399-a601f2aecb01",
    "Product_name": "Chateau Gruaud Larose | Saint-Julien Grand Cru Classé | 2020 | 75 cl | Delhaize",
    "Price": "99,99 €",
    "Price_per_liter": "133,32 €/l",
    "Wine_Varieties": "79% Cabernet Sauvignon, 17% Merlot, 4% Cabernet Franc",
    "vegetarian": "False",
    "vegan": "False",
    "food_pairing": [
      "Kaasplank",
      "Foie gras",
      "Lam"
    ],
    "image_URL": "https://static.delhaize.be/medias/sys_master/products/hb3/hd0/13112196890654.jpg",
    "URL": "https://www.delhaize.be/fr/shop/Vins-and-bulles/Exclusivites-online/Vins-rouges/France-Bordeaux/Saint-Julien-Grand-Cru-Classe-2020/p/S2022022300608740000",
    "country_origin": "Frankrijk",
    "Wine_Description": "",
    "promotion": "",
    "Alcohol_percentage": "13.50",
    "Volume": "0.750l",
    "Type_of_Cap": "Natuurlijke kurk",
    "Type_of_wine": "droog",
    "Color": "Rood",
    "Type_of_Box": "Hout",
    "Millésime": "2020"
  },
  {
    "id": "19d96bfa-76bf-4a76-b08a-d21f54c00145",
    "Product_name": "Vina Sol | Vina Sol Biologisch Wit | 75 cl | Delhaize",
    "Price": "6,99 €",
    "Price_per_liter": "9,32 €/l",
    "Wine_Varieties": "50% Garnacha Blanca, 50% Parellada",
    "vegetarian": "True",
    "vegan": "True",
    "food_pairing": [
      "Zeevruchten"
    ],
    "image_URL": "https://static.delhaize.be/medias/sys_master/ha4/hb0/12580625252382.jpg",
    "URL": "https://www.delhaize.be/fr/shop/Vins-and-bulles/Vins-blancs/Espagne/Vina-Sol-Bio-Blanc/p/S2022121500666370000",
    "country_origin": "Spanje",
    "Wine_Description": "",
    "promotion": "",
    "Alcohol_percentage": "12",
    "Volume": "0.750l",
    "Type_of_Cap": "Schroefdop",
    "Type_of_wine": "demi-droog",
    "Color": "Wit",
    "Type_of_Box": "Karton",
    "Millésime": "2022"
  },
  {
    "id": "94338b93-6bea-4e6f-b3e7-f40ca3158652",
    "Product_name": "Santa Tierra | Reserva | Sauvignon Wit | 75 cl | Delhaize",
    "Price": "6,99 €",
    "Price_per_liter": "9,32 €/l",
    "Wine_Varieties": "100% Sauvignon Blanc",
    "vegetarian": "True",
    "vegan": "True",
    "food_pairing": [
      "Salade",
      "Zeevruchten"
    ],
    "image_URL": "https://static.delhaize.be/medias/sys_master/h8a/h9e/12431461580830.jpg",
    "URL": "https://www.delhaize.be/fr/shop/Vins-and-bulles/Vins-blancs/Chili/Reserva-Sauvignon-Blanc/p/S2019021300168210000",
    "country_origin": "Chili",
    "Wine_Description": "",
    "promotion": "",
    "Alcohol_percentage": "13",
    "Volume": "0.750l",
    "Type_of_Cap": "Natuurlijke kurk",
    "Type_of_wine": "droog",
    "Color": "Wit",
    "Type_of_Box": "Karton",
    "Millésime": "2018"
  },
  {
    "id": "c753c3c0-0b60-44a1-8fc6-0efcb87e71e0",
    "Product_name": "Mionetto | Prosecco | Rosé | Extra Dry | 20 cl | Delhaize",
    "Price": "3,99 €",
    "Price_per_liter": "19,95 €/l",
    "Wine_Varieties": "",
    "vegetarian": "False",
    "vegan": "False",
    "food_pairing": [],
    "image_URL": "https://static.delhaize.be/medias/sys_master/products/h6d/hc5/12871363592222.jpg",
    "URL": "https://www.delhaize.be/fr/shop/Vins-and-bulles/Bulles/Prosecco/Rose/Prosecco-Rose-Extra-Dry/p/S2022032500615620000",
    "country_origin": "Italië",
    "Wine_Description": "",
    "promotion": "",
    "Alcohol_percentage": null,
    "Volume": null,
    "Type_of_Cap": null,
    "Type_of_wine": null,
    "Color": null,
    "Type_of_Box": null,
    "Millésime": null
  },
  {
    "id": "c33c799e-9c08-4e6a-9909-ff3603e5715a",
    "Product_name": "Duval-Leroy | Champagne | Rosé | Brut | 37,5 cl | Delhaize",
    "Price": "22,99 €",
    "Price_per_liter": "61,31 €/l",
    "Wine_Varieties": "85% Chardonnay, 15% Pinot Noir",
    "vegetarian": "True",
    "vegan": "True",
    "food_pairing": [
      "Asperges",
      "Chocolat",
      "Sushi"
    ],
    "image_URL": "https://static.delhaize.be/medias/sys_master/hed/h01/11710228791326.jpg",
    "URL": "https://www.delhaize.be/fr/shop/Vins-and-bulles/Bulles/Champagne/Rose/Champagne-Rose-Brut/p/S2003112600240200000",
    "country_origin": "Frankrijk",
    "Wine_Description": "",
    "promotion": "",
    "Alcohol_percentage": "12",
    "Volume": "0.375l",
    "Type_of_Cap": "Natuurlijke kurk",
    "Type_of_wine": "brut",
    "Color": "Rosé",
    "Type_of_Box": "Karton",
    "Millésime": null
  },
  {
    "id": "c761ce95-76c8-40b0-a23f-2ed350c688cd",
    "Product_name": "Oro De Uva | Cava | Rosé | Brut | 75 cl | Delhaize",
    "Price": "8,99 €",
    "Price_per_liter": "11,99 €/l",
    "Wine_Varieties": "100% Garnacha",
    "vegetarian": "False",
    "vegan": "False",
    "food_pairing": [
      "Vis",
      "Salade",
      "Zeevruchten"
    ],
    "image_URL": "https://static.delhaize.be/medias/sys_master/h43/hd4/12498700697630.jpg",
    "URL": "https://www.delhaize.be/fr/shop/Vins-and-bulles/Bulles/Cava/Rose/Cava-Rose-Brut/p/S2013081400240810000",
    "country_origin": "Spanje",
    "Wine_Description": "Bien que la grande majorité des cavas espagnols proviennent de Catalogne, principalement du Penedès, d'autres régions viticoles du pays en produisent également. C'est ainsi le cas à Valence, où deux communes, Utiel et Requena, ont le privilège de produire du vin Mousserende wijn sous l'appellation Cava. À noter que les variétés de base sont exactement les mêmes que celles de Catalogne, à savoir le macabeo, la parellada et le xarel-lo.  Le Rosé brut, à la robe saumonée, est bien serré et droog avec des aroma's de petits fruits rouges et des tonen fraîches d'agrumes.",
    "promotion": "",
    "Alcohol_percentage": "11.5",
    "Volume": "0.750l",
    "Type_of_Cap": "Natuurlijke kurk",
    "Type_of_wine": "brut",
    "Color": "Rosé",
    "Type_of_Box": "Karton",
    "Millésime": null
  },
  {
    "id": "56ad7b9d-3ace-4086-86d1-ca93b04ece32",
    "Product_name": "Louis Delder | Champagne | Brut | 75 cl | Delhaize",
    "Price": "17,99 €",
    "Price_per_liter": "23,99 €/l",
    "Wine_Varieties": "",
    "vegetarian": "False",
    "vegan": "False",
    "food_pairing": [],
    "image_URL": "https://static.delhaize.be/medias/sys_master/h90/he0/11668387758110.jpg",
    "URL": "https://www.delhaize.be/fr/shop/Vins-and-bulles/Bulles/Champagne/Blanc/Champagne-Brut/p/S2016080103661320000",
    "country_origin": "Frankrijk",
    "Wine_Description": "",
    "promotion": "",
    "Alcohol_percentage": null,
    "Volume": null,
    "Type_of_Cap": null,
    "Type_of_wine": null,
    "Color": null,
    "Type_of_Box": null,
    "Millésime": null
  },
  {
    "id": "b5ba92ba-635f-4243-8b1c-ec0f42ce2169",
    "Product_name": "Marques De Borba | Alentejo | 75 cl | Delhaize",
    "Price": "7,99 €",
    "Price_per_liter": "10,65 €/l",
    "Wine_Varieties": "40% Alicante Bouschet, 20% Aragonês, 15% Touriga Nacional, 10% Trincadeira, 10% Merlot, 5% Petit Verdot",
    "vegetarian": "False",
    "vegan": "False",
    "food_pairing": [
      "Foie gras",
      "Gebraden",
      "Wild"
    ],
    "image_URL": "https://static.delhaize.be/medias/sys_master/h71/hb3/12433713889310.jpg",
    "URL": "https://www.delhaize.be/fr/shop/Vins-and-bulles/Vins-rouges/Portugal/Alentejo/p/S2022101800305120000",
    "country_origin": "Portugal",
    "Wine_Description": "",
    "promotion": "",
    "Alcohol_percentage": "14",
    "Volume": "0.750l",
    "Type_of_Cap": "Natuurlijke kurk",
    "Type_of_wine": "droog",
    "Color": "Rood",
    "Type_of_Box": "Karton",
    "Millésime": "2021"
  },
  {
    "id": "9a48862a-a6fb-4865-86be-0242a02f6bfa",
    "Product_name": "Vranken | Demoiselle | Champagne | Rosé | Brut | 75 cl | Delhaize",
    "Price": "43,99 €",
    "Price_per_liter": "58,65 €/l",
    "Wine_Varieties": "33% Pino Meunier, 33% Pinot Noir, 33% Chardonnay",
    "vegetarian": "True",
    "vegan": "True",
    "food_pairing": [
      "Gevogelte"
    ],
    "image_URL": "https://static.delhaize.be/medias/sys_master/h20/hbb/12497066393630.jpg",
    "URL": "https://www.delhaize.be/fr/shop/Vins-and-bulles/Bulles/Champagne/Rose/Champagne-Rose-Brut/p/S1995100400240370000",
    "country_origin": "Frankrijk",
    "Wine_Description": "Saviez-vous que le groupe Vranken-Pommery est aujourd'hui le plus grand propriétaire de vignobles en Europe ? L'entreprise est active en Champagne, en Provence, en Camargue ainsi qu'au Portugal. Aujourd'hui, elle possède plus de 2.500 ha de vignobles.  Saviez-vous que la Champagne est l'unique région où il est permis d'ajouter un trait de vin Rood aux blancs pour en faire du rosé. Vranken possède une parfaite maîtrise de cette technique. Un Champagne subtil avec des tonen de fruits rouges qui ne perd pourtant pas en frisheid.",
    "promotion": "",
    "Alcohol_percentage": "12.5",
    "Volume": "0.750l",
    "Type_of_Cap": "Natuurlijke kurk",
    "Type_of_wine": "brut",
    "Color": "Rosé",
    "Type_of_Box": "Karton",
    "Millésime": null
  },
  {
    "id": "d24430d6-2632-4085-87d2-bc7c1e27e044",
    "Product_name": "Codorníu | Zero | vin mousseux sans alcool | 75 cl | Delhaize",
    "Price": "6,99 €",
    "Price_per_liter": "9,32 €/l",
    "Wine_Varieties": "",
    "vegetarian": "False",
    "vegan": "False",
    "food_pairing": [],
    "image_URL": "https://static.delhaize.be/medias/sys_master/hb0/hca/12175552380958.jpg",
    "URL": "https://www.delhaize.be/fr/shop/Vins-and-bulles/Vins-et-mousseux-sans-alcool/Mousseux/Zero-vin-mousseux-sans-alcool/p/S2016022303633520000",
    "country_origin": "Frankrijk",
    "Wine_Description": "",
    "promotion": "",
    "Alcohol_percentage": "0",
    "Volume": "0.750l",
    "Type_of_Cap": null,
    "Type_of_wine": null,
    "Color": null,
    "Type_of_Box": null,
    "Millésime": null
  },
  {
    "id": "ba4e04b1-fd20-4078-b746-79342f3cb23e",
    "Product_name": "Duval-Leroy | Champagne | 75cl | Wit de blancs | 75 cl | Delhaize",
    "Price": "43,99 €",
    "Price_per_liter": "58,65 €/l",
    "Wine_Varieties": "100% Chardonnay",
    "vegetarian": "True",
    "vegan": "True",
    "food_pairing": [
      "Asperges",
      "Aperitief",
      "Gevogelte"
    ],
    "image_URL": "https://static.delhaize.be/medias/sys_master/products/h15/h23/13023852494878.jpg",
    "URL": "https://www.delhaize.be/fr/shop/Vins-and-bulles/Bulles/Champagne/Blanc/Champagne-75cl-Blanc-de-blancs/p/S2020121500476480000",
    "country_origin": "Frankrijk",
    "Wine_Description": "",
    "promotion": "",
    "Alcohol_percentage": "12",
    "Volume": "0.750l",
    "Type_of_Cap": "Natuurlijke kurk",
    "Type_of_wine": "brut",
    "Color": "Wit",
    "Type_of_Box": "Karton",
    "Millésime": null
  },
  {
    "id": "d25693ce-9424-4329-91d9-33eafcc85591",
    "Product_name": "Vranken | Champagne | Grande Réserve | Brut | 75 cl | Delhaize",
    "Price": "31,99 €",
    "Price_per_liter": "42,65 €/l",
    "Wine_Varieties": "50% Pinot Noir, 30% Chardonnay, 20% Pinot Meunier",
    "vegetarian": "True",
    "vegan": "False",
    "food_pairing": [
      "Gevogelte"
    ],
    "image_URL": "https://static.delhaize.be/medias/sys_master/h9f/h24/11189747056670.jpg",
    "URL": "https://www.delhaize.be/fr/shop/Vins-and-bulles/Bulles/Champagne/Blanc/Champagne-Grande-Reserve-Brut/p/S2010080200240280001",
    "country_origin": "Frankrijk",
    "Wine_Description": "Le père de Paul-François Vranken était directeur du département Porsche chez D'Ieteren. Comme à l'époque, l'achat d'une Porsche s'accompagnait toujours du sabrage d'une bouteille de Champagne, et que le Club Porsche de België se rendait fréquemment en Champagne, le jeune Paul-François fut rapidement mis dans le bain. Au milieu des années 70, Vranken s'installe en Champagne et achète sa première marque de Champagne en 1978. Il a ensuite enchaîné les achats de marques. Il est aujourd'hui le deuxième groupe champenois le plus important après la société de luxe LVMH.  Le Champagne Grande Réserve est un grand classique de la maison , il est élaboré à partir des trois cépages traditionnels. Champagne d'apéritif rond, frais, joliment Fruité et élégant.",
    "promotion": "",
    "Alcohol_percentage": "12.5",
    "Volume": "0.750l",
    "Type_of_Cap": "Natuurlijke kurk",
    "Type_of_wine": "brut",
    "Color": "Wit",
    "Type_of_Box": "Karton",
    "Millésime": null
  },
  {
    "id": "50eebd44-2602-47db-91cb-81d6158684ca",
    "Product_name": "Faustino | VII | Verdejo | 75 cl | Delhaize",
    "Price": "6,99 €",
    "Price_per_liter": "9,32 €/l",
    "Wine_Varieties": "",
    "vegetarian": "False",
    "vegan": "False",
    "food_pairing": [],
    "image_URL": "https://static.delhaize.be/medias/sys_master/products/h42/h10/13021526458398.jpg",
    "URL": "https://www.delhaize.be/fr/shop/Vins-and-bulles/Vins-blancs/Espagne/VII-Verdejo/p/S2024080800784800000",
    "country_origin": "Spanje",
    "Wine_Description": "",
    "promotion": "",
    "Alcohol_percentage": null,
    "Volume": null,
    "Type_of_Cap": null,
    "Type_of_wine": null,
    "Color": null,
    "Type_of_Box": null,
    "Millésime": null
  },
  {
    "id": "ccf7036c-6adc-4651-8c97-695e91396947",
    "Product_name": "Merino | Merino Rood | Biologisch | 75 cl | Delhaize",
    "Price": "7,99 €",
    "Price_per_liter": "10,65 €/l",
    "Wine_Varieties": "50% Touriga Nacional, 40% Alicante Bouschet, 10% Syrah",
    "vegetarian": "True",
    "vegan": "True",
    "food_pairing": [
      "Barbecue",
      "Gegrild vlees"
    ],
    "image_URL": "https://static.delhaize.be/medias/sys_master/products/h2b/h93/12797964845086.jpg",
    "URL": "https://www.delhaize.be/fr/shop/Vins-and-bulles/Vins-rouges/Portugal/Merino-Rouge-Bio/p/S2022031700614510000",
    "country_origin": "Portugal",
    "Wine_Description": "",
    "promotion": "",
    "Alcohol_percentage": "14",
    "Volume": "0.750l",
    "Type_of_Cap": "Schroefdop",
    "Type_of_wine": "droog",
    "Color": "Rood",
    "Type_of_Box": "Karton",
    "Millésime": "2021"
  },
  {
    "id": "f02cba56-c44b-4cca-a0f1-e8c4767b56be",
    "Product_name": "Jean Fleury | Pauillac | 2019 | 75 cl | Delhaize",
    "Price": "20,49 €",
    "Price_per_liter": "27,32 €/l",
    "Wine_Varieties": "60% Merlot, 40% Cabernet Sauvignon",
    "vegetarian": "True",
    "vegan": "True",
    "food_pairing": [
      "Fromages doux",
      "Sterke kazen",
      "Wild"
    ],
    "image_URL": "https://static.delhaize.be/medias/sys_master/h40/h97/12431118041118.jpg",
    "URL": "https://www.delhaize.be/fr/shop/Vins-and-bulles/Vins-rouges/France/Bordeaux/Pauillac-2019/p/S2021021100508640000",
    "country_origin": "Frankrijk",
    "Wine_Description": "",
    "promotion": "",
    "Alcohol_percentage": "14.5",
    "Volume": "0.750l",
    "Type_of_Cap": "Natuurlijke kurk",
    "Type_of_wine": "doux",
    "Color": "Rood",
    "Type_of_Box": "Karton",
    "Millésime": "2019"
  },
  {
    "id": "06c189d6-2f28-47c2-889c-28a0579d5f71",
    "Product_name": "Duval-Leroy | Champagne | Rosé | Brut | 75 cl | Delhaize",
    "Price": "39,99 €",
    "Price_per_liter": "53,32 €/l",
    "Wine_Varieties": "85% Chardonnay, 15% Pinot Noir",
    "vegetarian": "True",
    "vegan": "True",
    "food_pairing": [
      "Asperges",
      "Foie gras",
      "Sushi"
    ],
    "image_URL": "https://static.delhaize.be/medias/sys_master/hbc/hd4/10023094124574.jpg",
    "URL": "https://www.delhaize.be/fr/shop/Vins-and-bulles/Bulles/Champagne/Rose/Champagne-Rose-Brut/p/S1998102000240230000",
    "country_origin": "Frankrijk",
    "Wine_Description": "Maison de Champagne réputée, fondée en 1859 des suites de l'association des familles Duval et Leroy à Vertus. Après le décès de son mari en 1991, c'est notre compatriote Carol Duval-Leroy, l'une des femmes les plus actives et les plus innovantes dans le monde du Champagne, qui dirige l'entreprise. Son vignoble s'étend sur 200 ha, dont une grande partie de Grands Crus sur la célèbre Côte des Blancs (au sud d'Epernay). Aujourd'hui, il s'agit de l'une des dernières grandes maisons de Champagne familiales. En cave aussi, on retrouve une femme : Sandrine Logette-Jardin, une viticultrice de renom, qui a créé beaucoup de nouvelles cuvées ces dernières années.  Le Rosé brut, assemblage de 85% de chardonnay et de 15% de pinot noir, surprend par sa frisheid, ses tonen fruitiges agréables et son caractère soyeux.",
    "promotion": "",
    "Alcohol_percentage": "12",
    "Volume": "0.750l",
    "Type_of_Cap": "Natuurlijke kurk",
    "Type_of_wine": "brut",
    "Color": "Rosé",
    "Type_of_Box": "Karton",
    "Millésime": null
  },
  {
    "id": "63c3b77d-54b3-44aa-8285-7ca4268b7193",
    "Product_name": "Clairette de Die | Demi-sec | 75 cl | Delhaize",
    "Price": "7,49 €",
    "Price_per_liter": "9,99 €/l",
    "Wine_Varieties": "80% Muscat à Petits Grains, 20% Clairette",
    "vegetarian": "True",
    "vegan": "False",
    "food_pairing": [
      "Dessert"
    ],
    "image_URL": "https://static.delhaize.be/medias/sys_master/h32/h61/12497026416670.jpg",
    "URL": "https://www.delhaize.be/fr/shop/Vins-and-bulles/Bulles/Autres-effervescents/Blanc/Demi-sec/p/S2008050800239740000",
    "country_origin": "Frankrijk",
    "Wine_Description": "Coopérative fondée en 1950 dans la Drôme Provençale, elle compte aujourd'hui plus de 200 adhérents. La Cave de Die est ainsi le plus important producteur français de vins Mousserende wijn, hors Champagne. Les vignobles s'étendent au pied du Vercors sur des sols caillouteux et limoneux et bénéficient d'excellentes conditions climatiques.  La Clairette de Die est composée d'au moins 75% de muscat, complété par de la clairette. Fabriquée selon une recette ancestrale (la méthode Dioise, soit une fermentation qui commence en cuve et se poursuit en bouteille), la Clairette de Die présente des tonen légèrement sucrées, mais surtout aromatiques, florales et fruitiges (fruits exotique) et une finale pétillante.",
    "promotion": "",
    "Alcohol_percentage": "7.5",
    "Volume": "0.750l",
    "Type_of_Cap": "Liège aggloméré",
    "Type_of_wine": "doux",
    "Color": "Wit",
    "Type_of_Box": "Karton",
    "Millésime": null
  },
  {
    "id": "ce560d32-354e-4f55-b7d8-b3c286c8c511",
    "Product_name": "Las Puertas | Cabernet Sauvignon | 3 l | Delhaize",
    "Price": "16,99 €",
    "Price_per_liter": "5,66 €/l",
    "Wine_Varieties": "",
    "vegetarian": "False",
    "vegan": "False",
    "food_pairing": [],
    "image_URL": "https://static.delhaize.be/medias/sys_master/products/h24/hb2/12725046312990.jpg",
    "URL": "https://www.delhaize.be/fr/shop/Vins-and-bulles/Vins-rouges/Les-cubi/Cabernet-Sauvignon/p/S2022041900619980000",
    "country_origin": "Chili",
    "Wine_Description": "",
    "promotion": "",
    "Alcohol_percentage": null,
    "Volume": null,
    "Type_of_Cap": null,
    "Type_of_wine": null,
    "Color": null,
    "Type_of_Box": null,
    "Millésime": null
  },
  {
    "id": "da21d587-9c64-4bbb-bffd-d6b89117b3db",
    "Product_name": "Edenvine | 0 % | alcoholvrije wijn | Rosé | 75 cl | Delhaize",
    "Price": "5,99 €",
    "Price_per_liter": "7,99 €/l",
    "Wine_Varieties": "",
    "vegetarian": "False",
    "vegan": "False",
    "food_pairing": [],
    "image_URL": "https://static.delhaize.be/medias/sys_master/products/h4e/hbe/13057594261534.jpg",
    "URL": "https://www.delhaize.be/fr/shop/Vins-and-bulles/Vins-et-mousseux-sans-alcool/Vins/0-vin-sans-alcool-Rose/p/S2013040200230240000",
    "country_origin": "Frankrijk",
    "Wine_Description": "",
    "promotion": "2+1 Gratis",
    "Alcohol_percentage": "0",
    "Volume": "0.750l",
    "Type_of_Cap": null,
    "Type_of_wine": null,
    "Color": null,
    "Type_of_Box": null,
    "Millésime": null
  },
  {
    "id": "40f3aa1c-e684-4ab7-bb98-752ce06caf78",
    "Product_name": "Night Orient | alcoholvrije wijn | Chardonnay | Wit | 75 cl | Delhaize",
    "Price": "5,99 €",
    "Price_per_liter": "7,99 €/l",
    "Wine_Varieties": "",
    "vegetarian": "False",
    "vegan": "False",
    "food_pairing": [],
    "image_URL": "https://static.delhaize.be/medias/sys_master/products/h88/h84/13058484568094.jpg",
    "URL": "https://www.delhaize.be/fr/shop/Vins-and-bulles/Vins-et-mousseux-sans-alcool/Vins/vin-sans-alcool-Chardonnay-Blanc/p/S2018072300086850000",
    "country_origin": "Frankrijk",
    "Wine_Description": "",
    "promotion": "",
    "Alcohol_percentage": "0",
    "Volume": "0.750l",
    "Type_of_Cap": null,
    "Type_of_wine": null,
    "Color": null,
    "Type_of_Box": null,
    "Millésime": null
  },
  {
    "id": "3704df5c-ade4-4621-b204-7635f2c69790",
    "Product_name": "Vinas Del Vero | Garnacha / Syrah | 75 cl | Delhaize",
    "Price": "5,99 €",
    "Price_per_liter": "7,99 €/l",
    "Wine_Varieties": "50% Garnacha, 50% Syrah",
    "vegetarian": "True",
    "vegan": "True",
    "food_pairing": [],
    "image_URL": "https://static.delhaize.be/medias/sys_master/h13/ha8/12430867562526.jpg",
    "URL": "https://www.delhaize.be/fr/shop/Vins-and-bulles/Vins-rouges/Espagne/Garnacha-Syrah/p/S2022021000605350000",
    "country_origin": "Spanje",
    "Wine_Description": "",
    "promotion": "",
    "Alcohol_percentage": "13.5",
    "Volume": "0.750l",
    "Type_of_Cap": "Natuurlijke kurk",
    "Type_of_wine": "droog",
    "Color": "Rood",
    "Type_of_Box": "Karton",
    "Millésime": "2022"
  },
  {
    "id": "d9f9c533-bac6-4849-995b-64227cd8458e",
    "Product_name": "Chateau Gruaud Larose | Saint-Julien Grand Cru Classé | 2018 | 75 cl | Delhaize",
    "Price": "99,99 €",
    "Price_per_liter": "133,32 €/l",
    "Wine_Varieties": "67% Cabernet Sauvignon, 24% Merlot, 9% Cabernet Franc",
    "vegetarian": "True",
    "vegan": "True",
    "food_pairing": [
      "Charcuterie"
    ],
    "image_URL": "https://static.delhaize.be/medias/sys_master/products/h66/heb/13112063459358.jpg",
    "URL": "https://www.delhaize.be/fr/shop/Vins-and-bulles/Vins-rouges/Exclusivites-en-ligne/France-Bordeaux/Saint-Julien-Grand-Cru-Classe-2018/p/S2020052800431890000",
    "country_origin": "Frankrijk",
    "Wine_Description": "Depuis sa fondation en 1725, quatre familles ont dirigé le domaine de Gruaud Larose. Les familles Gruaud & Larose, Balguerie & Sarget, Cordier et Merlaut. Le vignoble est phénoménal : 82 ha d'un seul tenant, plantés à 60 % de cabernet sauvignon, 31 % de merlot et 9 % de cabernet franc. Le Château Gruaud Larose est un 2e grand cru classé appartenant à l'appellation Saint-Julien. Les ceps ont en moyenne 50 ans, la vinification se fait partiellement dans des cuves en béton et en Hout, s'en suit un élevage de 18 à 24 mois en fûts de chêne.  krachtig et raffiné avec un excellent Fruit, un Hout magnifiquement dosé et des tannins serrés en fin de bouche.",
    "promotion": "",
    "Alcohol_percentage": "14",
    "Volume": "0.750l",
    "Type_of_Cap": "Natuurlijke kurk",
    "Type_of_wine": "droog",
    "Color": "Rood",
    "Type_of_Box": "Hout",
    "Millésime": "2018"
  },
  {
    "id": "9d162d15-2ca2-4bff-afdb-fbf1df15af7d",
    "Product_name": "Las Campanas | Garnacha | 75 cl | Delhaize",
    "Price": "4,49 €",
    "Price_per_liter": "5,99 €/l",
    "Wine_Varieties": "100% Garnacha",
    "vegetarian": "True",
    "vegan": "True",
    "food_pairing": [
      "Aperitief",
      "Vis",
      "Fruit"
    ],
    "image_URL": "https://static.delhaize.be/medias/sys_master/h33/hff/12433566171166.jpg",
    "URL": "https://www.delhaize.be/fr/shop/Vins-and-bulles/Vins-roses/Espagne/Garnacha/p/S2023032000526780097",
    "country_origin": "Spanje",
    "Wine_Description": "",
    "promotion": "2+1 Gratis",
    "Alcohol_percentage": "13",
    "Volume": "0.750l",
    "Type_of_Cap": "Diam",
    "Type_of_wine": "droog",
    "Color": "Rosé",
    "Type_of_Box": "Karton",
    "Millésime": "2023"
  },
  {
    "id": "d0df2d17-00c5-4b96-b72c-c234a65e51f4",
    "Product_name": "Codorniu | Cava | Vintage | Biologisch | Brut | 75 cl | Delhaize",
    "Price": "9,99 €",
    "Price_per_liter": "13,32 €/l",
    "Wine_Varieties": "Macabeo, Xarel·lo, Parellada",
    "vegetarian": "True",
    "vegan": "True",
    "food_pairing": [
      "Aperitief",
      "Tapas"
    ],
    "image_URL": "https://static.delhaize.be/medias/sys_master/products/h44/hfb/12687867904030.jpg",
    "URL": "https://www.delhaize.be/fr/shop/Vins-and-bulles/Bulles/Cava/Blanc/Cava-Vintage-Bio-Brut/p/S2009040100239570000",
    "country_origin": "Spanje",
    "Wine_Description": "Codorníu peut sans conteste être considéré comme le pionnier du Cava à succès.  L'histoire de l'entreprise commence en 1551. Dans un document de l'époque, Jaume Codorníu est mentionné comme le propriétaire de barriques et de pressoirs vinicoles. En 1659, Anna Codorníu épouse Miquel Raventós. Anna était la dernière propriétaire de la lignée Codorníu , depuis lors, l'entreprise appartient à la famille Raventós. En 1872, Josep Raventós crée la première alternative espagnole au Champagne. Et depuis 1885, l'entreprise se consacre exclusivement à la production de ce vin Mousserende wijn.   Codorníu Vintage (c'est-à-dire issu d'une seule et même année de récolte) est nettement plus krachtig et complexe que la cuvée standard. Plus dense et crémeux, avec une note de fruits secs. On peut tout à fait concevoir de boire ce Cava tout au long d'un repas.",
    "promotion": "",
    "Alcohol_percentage": "11.5",
    "Volume": "0.750l",
    "Type_of_Cap": "Natuurlijke kurk",
    "Type_of_wine": "brut",
    "Color": "Wit",
    "Type_of_Box": "Karton",
    "Millésime": null
  },
  {
    "id": "cfbf9582-9c06-4c27-a42c-6f8d03a47a0f",
    "Product_name": "Raimat | Abadia | Cabernet Sauvignon / Tempranillo | Biologisch | 75 cl | Delhaize",
    "Price": "7,99 €",
    "Price_per_liter": "10,65 €/l",
    "Wine_Varieties": "Cabernet Sauvignon, Tempranillo",
    "vegetarian": "True",
    "vegan": "False",
    "food_pairing": [
      "Pasta",
      "Varkensvlees",
      "Steak"
    ],
    "image_URL": "https://static.delhaize.be/medias/sys_master/haf/h1e/12434027610142.jpg",
    "URL": "https://www.delhaize.be/fr/shop/Vins-and-bulles/Vins-rouges/Espagne/Abadia-Cabernet-Sauvignon-Tempranillo-Bio/p/S2020012700352260000",
    "country_origin": "Spanje",
    "Wine_Description": "",
    "promotion": "",
    "Alcohol_percentage": "13.5",
    "Volume": "0.750l",
    "Type_of_Cap": "Schroefdop",
    "Type_of_wine": "droog",
    "Color": "Rood",
    "Type_of_Box": "Karton",
    "Millésime": "2018"
  },
  {
    "id": "d8f3df98-f8c6-4ba1-b976-7df2cc4f18da",
    "Product_name": "Delhaize | Pichet de France | 3 l | Delhaize",
    "Price": "9,99 €",
    "Price_per_liter": "3,33 €/l",
    "Wine_Varieties": "",
    "vegetarian": "False",
    "vegan": "False",
    "food_pairing": [],
    "image_URL": "https://static.delhaize.be/medias/sys_master/products/h9e/hef/12725037989918.jpg",
    "URL": "https://www.delhaize.be/fr/shop/Vins-and-bulles/Vins-roses/France/Languedoc-Roussillon/Pichet-de-France/p/S2022042100621820000",
    "country_origin": "Frankrijk",
    "Wine_Description": "",
    "promotion": "",
    "Alcohol_percentage": null,
    "Volume": null,
    "Type_of_Cap": null,
    "Type_of_wine": null,
    "Color": null,
    "Type_of_Box": null,
    "Millésime": null
  },
  {
    "id": "a92d3187-fec8-4493-a027-6d075ca36a47",
    "Product_name": "Torres | Altos Ibéricos Crianza | 75 cl | Delhaize",
    "Price": "8,99 €",
    "Price_per_liter": "11,99 €/l",
    "Wine_Varieties": "100% Tempranillo",
    "vegetarian": "True",
    "vegan": "True",
    "food_pairing": [
      "Gebraden"
    ],
    "image_URL": "https://static.delhaize.be/medias/sys_master/h09/hf7/12430975893534.jpg",
    "URL": "https://www.delhaize.be/fr/shop/Vins-and-bulles/Vins-rouges/Espagne/Altos-Ibericos-Crianza/p/S2023030300687400000",
    "country_origin": "Spanje",
    "Wine_Description": "",
    "promotion": "",
    "Alcohol_percentage": "14",
    "Volume": "0.750l",
    "Type_of_Cap": "Natuurlijke kurk",
    "Type_of_wine": "droog",
    "Color": "Rood",
    "Type_of_Box": "Karton",
    "Millésime": "2019"
  },
  {
    "id": "51bf676f-5dba-4570-bb31-aca67c3c5318",
    "Product_name": "Mezzacorona | Dinotte | 75 cl | Delhaize",
    "Price": "9,99 €",
    "Price_per_liter": "13,32 €/l",
    "Wine_Varieties": "70% Teroldego, 15% Marzemino, 15% Merlot",
    "vegetarian": "True",
    "vegan": "True",
    "food_pairing": [
      "Gegrild vlees"
    ],
    "image_URL": "https://static.delhaize.be/medias/sys_master/products/h7e/he8/13058406055966.jpg",
    "URL": "https://www.delhaize.be/fr/shop/Vins-and-bulles/Vins-rouges/Italie/Dinotte/p/S2021122200596470000",
    "country_origin": "Italië",
    "Wine_Description": "",
    "promotion": "",
    "Alcohol_percentage": "13",
    "Volume": "0.750l",
    "Type_of_Cap": "Diam",
    "Type_of_wine": "demi-droog",
    "Color": "Rood",
    "Type_of_Box": "Karton",
    "Millésime": "2018"
  },
  {
    "id": "84a7ab04-a4d8-4f93-9c62-ba3b8122d026",
    "Product_name": "Perelada | Cava | Rosé | Brut | 75 cl | Delhaize",
    "Price": "9,99 €",
    "Price_per_liter": "13,32 €/l",
    "Wine_Varieties": "69% Garnacha Tinta, 17% Pinot Noir",
    "vegetarian": "False",
    "vegan": "False",
    "food_pairing": [
      "Chocolat",
      "Aperitief",
      "Pasta"
    ],
    "image_URL": "https://static.delhaize.be/medias/sys_master/products/h19/h74/13152910147614.jpg",
    "URL": "https://www.delhaize.be/fr/shop/Vins-and-bulles/Bulles/Cava/Rose/Cava-Rose-Brut/p/S2010031800240520000",
    "country_origin": "Spanje",
    "Wine_Description": "Aucun ajout de vin Rood au vin Wit comme en Champagne, mais, chez Perelada, c'est le choix d'un mélange raffiné de raisins noirs uniquement qui a été fait. Un mélange particulier de garnacha, pinot noir et du trepat local, un Cava à la robe saumon brillante et aux tonen séduisantes de fraise et de framboise. Saviez-vous d'ailleurs que le Cava rosé était la boisson préférée du peintre espagnol Salvador Dalí ?",
    "promotion": "",
    "Alcohol_percentage": "11.5",
    "Volume": "0.750l",
    "Type_of_Cap": "Natuurlijke kurk",
    "Type_of_wine": "brut",
    "Color": "Rosé",
    "Type_of_Box": "Karton",
    "Millésime": null
  },
  {
    "id": "b8a6f35c-ef84-490e-88d6-427f4359911e",
    "Product_name": "Baie Cap | rosé | 75 cl | Delhaize",
    "Price": "6,99 €",
    "Price_per_liter": "9,32 €/l",
    "Wine_Varieties": "Cabernet Sauvignon, Cabernet Franc, Pinot Noir, Petit Verdot",
    "vegetarian": "True",
    "vegan": "False",
    "food_pairing": [
      "Barbecue",
      "Aperitief",
      "Salade"
    ],
    "image_URL": "https://static.delhaize.be/medias/sys_master/products/hf9/h75/13112240603166.jpg",
    "URL": "https://www.delhaize.be/fr/shop/Vins-and-bulles/Vins-roses/Afrique-du-Sud/rose/p/S2022071200638710000",
    "country_origin": "Afrique du Sud",
    "Wine_Description": "",
    "promotion": "2+1 Gratis",
    "Alcohol_percentage": "9",
    "Volume": "0.750l",
    "Type_of_Cap": "Schroefdop",
    "Type_of_wine": "droog",
    "Color": "Rosé",
    "Type_of_Box": "Karton",
    "Millésime": null
  },
  {
    "id": "4ae6d81f-e05e-4496-a203-6776c822397a",
    "Product_name": "Trivento | Reserve | Chardonnay | 75 cl | Delhaize",
    "Price": "7,99 €",
    "Price_per_liter": "10,65 €/l",
    "Wine_Varieties": "100% Chardonnay",
    "vegetarian": "True",
    "vegan": "True",
    "food_pairing": [
      "Vis"
    ],
    "image_URL": "https://static.delhaize.be/medias/sys_master/h18/he6/12433551687710.jpg",
    "URL": "https://www.delhaize.be/fr/shop/Vins-and-bulles/Vins-blancs/Argentine/Reserve-Chardonnay/p/S2015021200221110014",
    "country_origin": "Argentinië",
    "Wine_Description": "La Bodegas Trivento a été fondée en 1996. Une jeune entreprise ultramoderne dont le nom s'inspire des trois vents soufflant sur l'Argentinië : le Polar, le Zonda et le Sudestada. Ensemble, ils forment l'Eolo, appelé également ')vent des dieux'), et en partie responsable du beau climat propice à la viticulture, qui règne à Mendoza. Ce vent assure un refroidissement nécessaire pour que les raisins mûrissent lentement et à des températures modérées, surtout la nuit.   Chardonnay moderne, élevé 3 mois en fût de chêne français, intensément Fruité, juteux et frais.",
    "promotion": "",
    "Alcohol_percentage": "12.5",
    "Volume": "0.750l",
    "Type_of_Cap": "Schroefdop",
    "Type_of_wine": "droog",
    "Color": "Wit",
    "Type_of_Box": "Karton",
    "Millésime": "2018"
  },
  {
    "id": "73dccc36-034e-47fb-bb7e-aa82df8afc50",
    "Product_name": "Delhaize | Pays d'Oc | Merlot | 75 cl | Delhaize",
    "Price": "3,99 €",
    "Price_per_liter": "5,32 €/l",
    "Wine_Varieties": "",
    "vegetarian": "False",
    "vegan": "False",
    "food_pairing": [],
    "image_URL": "https://static.delhaize.be/medias/sys_master/products/h0c/h90/12658526748702.jpg",
    "URL": "https://www.delhaize.be/fr/shop/Vins-and-bulles/Vins-rouges/France/Languedoc-Rousillon/Pays-d-Oc-Merlot/p/S2022070500636650000",
    "country_origin": "Frankrijk",
    "Wine_Description": "",
    "promotion": "",
    "Alcohol_percentage": null,
    "Volume": null,
    "Type_of_Cap": null,
    "Type_of_wine": null,
    "Color": null,
    "Type_of_Box": null,
    "Millésime": null
  },
  {
    "id": "6f9a9e81-4b9a-4281-88c3-4cae84640c5b",
    "Product_name": "Altano | Altano Biologisch Rosé | 75 cl | Delhaize",
    "Price": "7,99 €",
    "Price_per_liter": "10,65 €/l",
    "Wine_Varieties": "60% Tinta Roriz, 40% Tinta Barroca",
    "vegetarian": "True",
    "vegan": "True",
    "food_pairing": [
      "Vis",
      "Pasta",
      "Zeevruchten"
    ],
    "image_URL": "https://static.delhaize.be/medias/sys_master/h7e/hb6/12574352146462.jpg",
    "URL": "https://www.delhaize.be/fr/shop/Vins-and-bulles/Vins-roses/Autres/Altano-Bio-Rose/p/S2022060200630170000",
    "country_origin": "Portugal",
    "Wine_Description": "",
    "promotion": "2+1 Gratis",
    "Alcohol_percentage": "13",
    "Volume": "0.750l",
    "Type_of_Cap": "Liège aggloméré",
    "Type_of_wine": "droog",
    "Color": "Rosé",
    "Type_of_Box": "Karton",
    "Millésime": "2022"
  },
  {
    "id": "fe3ef550-364d-4ae9-952a-566208025322",
    "Product_name": "1000 Stories | Chardonnay | 75 cl | Delhaize",
    "Price": "17,99 €",
    "Price_per_liter": "23,99 €/l",
    "Wine_Varieties": "99% Chardonnay, 1% Other varieties",
    "vegetarian": "False",
    "vegan": "False",
    "food_pairing": [
      "Vis"
    ],
    "image_URL": "https://static.delhaize.be/medias/sys_master/products/hba/he2/12751709175838.jpg",
    "URL": "https://www.delhaize.be/fr/shop/Vins-and-bulles/Vins-blancs/Autres/Chardonnay/p/S2022042800625050000",
    "country_origin": "États-Unis",
    "Wine_Description": "",
    "promotion": "",
    "Alcohol_percentage": "14.5",
    "Volume": "0.750l",
    "Type_of_Cap": "Natuurlijke kurk",
    "Type_of_wine": "droog",
    "Color": "Wit",
    "Type_of_Box": "Karton",
    "Millésime": "2021"
  },
  {
    "id": "6bf270cf-00bd-4d63-997d-0a668c70cc11",
    "Product_name": "Edenvine | 0 % | alcoholvrije wijn | Sauvignon Wit | Wit | 75 cl | Delhaize",
    "Price": "5,99 €",
    "Price_per_liter": "7,99 €/l",
    "Wine_Varieties": "",
    "vegetarian": "False",
    "vegan": "False",
    "food_pairing": [],
    "image_URL": "https://static.delhaize.be/medias/sys_master/products/h5b/hdb/13058475065374.jpg",
    "URL": "https://www.delhaize.be/fr/shop/Vins-and-bulles/Vins-et-mousseux-sans-alcool/Vins/0-vin-sans-alcool-Sauvignon-Blanc-Blanc/p/S2019121200334220000",
    "country_origin": "Frankrijk",
    "Wine_Description": "",
    "promotion": "",
    "Alcohol_percentage": "0",
    "Volume": "0.750l",
    "Type_of_Cap": null,
    "Type_of_wine": null,
    "Color": null,
    "Type_of_Box": null,
    "Millésime": null
  },
  {
    "id": "3efdee0b-d0dc-49ba-929e-7c565bf45204",
    "Product_name": "Codorniu | Cava | Raventós | Biologisch | Brut | 75 cl | Delhaize",
    "Price": "13,99 €",
    "Price_per_liter": "18,65 €/l",
    "Wine_Varieties": "50% Chardonnay, 25% Macabeo, 25% Xarel·lo",
    "vegetarian": "True",
    "vegan": "True",
    "food_pairing": [
      "Aperitief",
      "Vis",
      "Gevogelte"
    ],
    "image_URL": "https://static.delhaize.be/medias/sys_master/products/he4/h35/12687840772126.jpg",
    "URL": "https://www.delhaize.be/fr/shop/Vins-and-bulles/Bulles/Cava/Blanc/Cava-Raventos-Bio-Brut/p/S1986120800239400000",
    "country_origin": "Spanje",
    "Wine_Description": "L'histoire du pionnier du Cava espagnol, établi à Sant Sadurní d'Anoia, remonte à 1551. Jaume Codorníu est propriétaire de barriques et de pressoirs à vin. En 1659, Anna Codorníu épouse Miquel Raventós, une alliance qui unit deux familles viticoles uniques. Cependant, ce n'est qu'en 1872 que Josep Maria Raventós a brassé la première forme espagnole de Champagne, le xampàn. La boisson fut plus tard rebaptisée Cava (‘cave' en espagnol). Le succès fut immédiat et Codorníu devint immédiatement le fournisseur national.   La Cuvée Raventos, un assemblage de chardonnay, macabeo et xarel-lo, témoigne de force et de profondeur avec une belle frisheid.",
    "promotion": "",
    "Alcohol_percentage": "11.5",
    "Volume": "0.750l",
    "Type_of_Cap": "Natuurlijke kurk",
    "Type_of_wine": "brut",
    "Color": "Wit",
    "Type_of_Box": "Karton",
    "Millésime": null
  },
  {
    "id": "0edf8291-8a48-43db-b520-60f1a1f6e18b",
    "Product_name": "Le Long Cours | Bordeaux | 25 cl | Delhaize",
    "Price": "1,79 €",
    "Price_per_liter": "7,16 €/l",
    "Wine_Varieties": "",
    "vegetarian": "False",
    "vegan": "False",
    "food_pairing": [],
    "image_URL": "https://static.delhaize.be/medias/sys_master/h17/h40/12431365439518.jpg",
    "URL": "https://www.delhaize.be/fr/shop/Vins-and-bulles/Vins-rouges/France/Bordeaux/Bordeaux/p/S2022080800644510000",
    "country_origin": "Frankrijk",
    "Wine_Description": "",
    "promotion": "",
    "Alcohol_percentage": null,
    "Volume": null,
    "Type_of_Cap": null,
    "Type_of_wine": null,
    "Color": null,
    "Type_of_Box": null,
    "Millésime": null
  },
  {
    "id": "70afa1a4-f4f5-47f5-99cb-962de3ff181a",
    "Product_name": "BOOP | Best Of Our Planet | Rosé | Biologisch | 75 cl | Delhaize",
    "Price": "5,99 €",
    "Price_per_liter": "7,99 €/l",
    "Wine_Varieties": "",
    "vegetarian": "False",
    "vegan": "False",
    "food_pairing": [],
    "image_URL": "https://static.delhaize.be/medias/sys_master/products/h1a/h9b/12682826481694.jpg",
    "URL": "https://www.delhaize.be/fr/shop/Vins-and-bulles/Vins-roses/Espagne/Rose-Bio/p/S2021060200549170000",
    "country_origin": "Spanje",
    "Wine_Description": "",
    "promotion": "2+1 Gratis",
    "Alcohol_percentage": null,
    "Volume": null,
    "Type_of_Cap": null,
    "Type_of_wine": null,
    "Color": null,
    "Type_of_Box": null,
    "Millésime": null
  },
  {
    "id": "20696386-2a8c-4c4f-bbe9-7124e72f3694",
    "Product_name": "Piper-Heidsieck | Champagne | Brut | 75 cl | Delhaize",
    "Price": "38,49 €",
    "Price_per_liter": "51,32 €/l",
    "Wine_Varieties": "50% Pinot Noir, 30% Meunier, 20% Chardonnay",
    "vegetarian": "True",
    "vegan": "True",
    "food_pairing": [
      "Aperitief"
    ],
    "image_URL": "https://static.delhaize.be/medias/sys_master/h1a/h22/11734386573342.jpg",
    "URL": "https://www.delhaize.be/fr/shop/Vins-and-bulles/Bulles/Champagne/Blanc/Champagne-Brut/p/S1992031000240100000",
    "country_origin": "Frankrijk",
    "Wine_Description": "Piper Heidsieck a été fondée en 1785 par Florens-Louis Heidsieck. Les champagnes de cette maison ont été offerts à Versailles sur invitation de la Reine Marie-Antoinette. D'autres maisons royales lui emboitèrent le pas, faisant de Piper Heidsieck le fournisseur officiel de la Cour dans 14 pays différents ! Après la mort de Florens-Louis Heidsieck, sa veuve s'est remariée avec Henri-Guillaume Piper. C'est ainsi qu'est né ‘Piper-Heidsieck'. Les chefs de cave Severine Frerson et Regis Camus, élus 'meilleur vigneron de l'année' 8 années consécutives, ont souligné la qualité exceptionnelle de ce Champagne. Aujourd'hui, le jeune trentenaire Émilien Boutillat est le nouveau chef de cave de Piper-Heidsieck. Ce Champagne se caractérise par de fines bulles, beaucoup de structure, goût et profondeur. Produit à base des trois cépages traditionnels, mais avec une prédominance de pinot noir.",
    "promotion": "",
    "Alcohol_percentage": "12",
    "Volume": "0.750l",
    "Type_of_Cap": "Liège aggloméré",
    "Type_of_wine": "brut",
    "Color": "Wit",
    "Type_of_Box": "Karton",
    "Millésime": null
  },
  {
    "id": "4542741d-731b-4eb9-91cd-1f8670ecc5a8",
    "Product_name": "Mionetto | Vino Spumante | Extra Dry | 75 cl | Delhaize",
    "Price": "12,99 €",
    "Price_per_liter": "17,32 €/l",
    "Wine_Varieties": "Various",
    "vegetarian": "True",
    "vegan": "True",
    "food_pairing": [
      "Vis",
      "Salade",
      "Zeevruchten"
    ],
    "image_URL": "https://static.delhaize.be/medias/sys_master/h84/hf6/11212682002462.jpg",
    "URL": "https://www.delhaize.be/fr/shop/Vins-and-bulles/Bulles/Autres-effervescents/Blanc/Vino-Spumante-Extra-Dry/p/S2018060100064360000",
    "country_origin": "Italië",
    "Wine_Description": "L'amour et la passion pour l'Italië ont conduit Francesco Mionetto à ouvrir une cave à vin en 1887 sur les collines de Valdobbiadene. Cette commune se situe dans la province italienne de Trévise, au coeur de la région du Prosecco. Avec plus de 130 ans d'expérience, la maison jouit d'une réputation internationale dans la production de vins Mousserende wijn. Mionetto est ainsi devenu l'un des plus grands acteurs italiens dans le domaine du Prosecco.  En 2008, Mionetto a lié son destin à celui du groupe allemand Henkell International.   Le Prosecco Sergio est le Fruit d'un mélange de cépages blancs de la Vénétie et du Trentin. Il est frais avec une légère pointe d'amertume et des aroma's de pomme sauvage et de miel doux.",
    "promotion": "",
    "Alcohol_percentage": "11",
    "Volume": "0.750l",
    "Type_of_Cap": "Natuurlijke kurk",
    "Type_of_wine": "extra droog",
    "Color": "Wit",
    "Type_of_Box": "Karton",
    "Millésime": null
  },
  {
    "id": "29e9573d-25bb-43b1-b485-b29a5594abd6",
    "Product_name": "Faustino | V | Rioja | 75 cl | Delhaize",
    "Price": "6,99 €",
    "Price_per_liter": "9,32 €/l",
    "Wine_Varieties": "100%%% Tempranillo",
    "vegetarian": "True",
    "vegan": "True",
    "food_pairing": [
      "Aperitief",
      "Vis",
      "Pasta"
    ],
    "image_URL": "https://static.delhaize.be/medias/sys_master/h44/h21/12433723916318.jpg",
    "URL": "https://www.delhaize.be/fr/shop/Vins-and-bulles/Vins-roses/Espagne/V-Rioja/p/S2022032500615570000",
    "country_origin": "Spanje",
    "Wine_Description": "",
    "promotion": "2+1 Gratis",
    "Alcohol_percentage": "13 ABV",
    "Volume": "0.750l",
    "Type_of_Cap": "Bouchon synthétique",
    "Type_of_wine": "droog",
    "Color": "Rosé",
    "Type_of_Box": "Karton",
    "Millésime": "2021"
  },
  {
    "id": "e085df26-8e8b-4678-a8cb-9cac2b0e15f1",
    "Product_name": "Serras De Azeitao | rosé | 75 cl | Delhaize",
    "Price": "5,99 €",
    "Price_per_liter": "7,99 €/l",
    "Wine_Varieties": "100%%% Syrah",
    "vegetarian": "True",
    "vegan": "True",
    "food_pairing": [
      "Gevogelte",
      "Salade"
    ],
    "image_URL": "https://static.delhaize.be/medias/sys_master/h33/h73/12430939652126.jpg",
    "URL": "https://www.delhaize.be/fr/shop/Vins-and-bulles/Vins-roses/Autres/rose/p/S2022020300522230098",
    "country_origin": "Portugal",
    "Wine_Description": "",
    "promotion": "2+1 Gratis",
    "Alcohol_percentage": "12.50 ABV",
    "Volume": "0.750l",
    "Type_of_Cap": "Schroefdop",
    "Type_of_wine": "droog",
    "Color": "Rosé",
    "Type_of_Box": "Karton",
    "Millésime": "2021"
  },
  {
    "id": "80bfeb3f-359d-43c4-9ec8-a1ba31ef210d",
    "Product_name": "Delhaize | Pays d'Oc | Sauvignon Wit | 75 cl | Delhaize",
    "Price": "",
    "Price_per_liter": "",
    "Wine_Varieties": "",
    "vegetarian": "False",
    "vegan": "False",
    "food_pairing": [],
    "image_URL": "https://static.delhaize.be/medias/sys_master/products/h11/hf5/12669806018590.jpg",
    "URL": "https://www.delhaize.be/fr/shop/Vins-and-bulles/Vins-blancs/France/Languedoc-Roussillon/Pays-d-Oc-Sauvignon-Blanc/p/S2022070500636690000",
    "country_origin": "Frankrijk",
    "Wine_Description": "",
    "promotion": "",
    "Alcohol_percentage": null,
    "Volume": null,
    "Type_of_Cap": null,
    "Type_of_wine": null,
    "Color": null,
    "Type_of_Box": null,
    "Millésime": null
  },
  {
    "id": "d018cca8-de78-4781-8fc4-7f1b9b469e17",
    "Product_name": "Baie Cap | Chardonnay | 75 cl | Delhaize",
    "Price": "4,99 €",
    "Price_per_liter": "6,65 €/l",
    "Wine_Varieties": "",
    "vegetarian": "False",
    "vegan": "False",
    "food_pairing": [],
    "image_URL": "https://static.delhaize.be/medias/sys_master/products/h17/h0b/12710336004126.jpg",
    "URL": "https://www.delhaize.be/fr/shop/Vins-and-bulles/Vins-blancs/Afrique-du-Sud/Chardonnay/p/S2022072500008450000",
    "country_origin": "Afrique du Sud",
    "Wine_Description": "",
    "promotion": "",
    "Alcohol_percentage": null,
    "Volume": null,
    "Type_of_Cap": null,
    "Type_of_wine": null,
    "Color": null,
    "Type_of_Box": null,
    "Millésime": null
  },
  {
    "id": "22e81ab3-9dab-4fca-b7ca-344696adc086",
    "Product_name": "Chateau Belair Monange | Saint-Émilion 1er Grand Cru Classé | 2019 | 75 cl | Delhaize",
    "Price": "199,99 €",
    "Price_per_liter": "266,65 €/l",
    "Wine_Varieties": "",
    "vegetarian": "False",
    "vegan": "False",
    "food_pairing": [],
    "image_URL": "https://static.delhaize.be/medias/sys_master/products/h38/hbf/13112122048542.jpg",
    "URL": "https://www.delhaize.be/fr/shop/Vins-and-bulles/Vins-rouges/Exclusivites-en-ligne/France-Bordeaux/Saint-Emilion-1er-Grand-Cru-Classe-2019/p/S2020091800464080000",
    "country_origin": "Frankrijk",
    "Wine_Description": "",
    "promotion": "",
    "Alcohol_percentage": null,
    "Volume": null,
    "Type_of_Cap": null,
    "Type_of_wine": null,
    "Color": "Rood",
    "Type_of_Box": null,
    "Millésime": null
  },
  {
    "id": "cb8ec608-85d4-458a-ac9d-d40c94ed5597",
    "Product_name": "Faustino | VII | Rioja | 75 cl | Delhaize",
    "Price": "6,99 €",
    "Price_per_liter": "9,32 €/l",
    "Wine_Varieties": "100%%% Tempranillo",
    "vegetarian": "False",
    "vegan": "False",
    "food_pairing": [
      "Charcuterie",
      "Fromages doux",
      "Aperitief"
    ],
    "image_URL": "https://static.delhaize.be/medias/sys_master/h10/hda/12430925561886.jpg",
    "URL": "https://www.delhaize.be/fr/shop/Vins-and-bulles/Vins-rouges/Espagne/VII-Rioja/p/S2021083100517800000",
    "country_origin": "Spanje",
    "Wine_Description": "",
    "promotion": "",
    "Alcohol_percentage": "13.5",
    "Volume": "0.750l",
    "Type_of_Cap": "Natuurlijke kurk",
    "Type_of_wine": "droog",
    "Color": "Rood",
    "Type_of_Box": "Karton",
    "Millésime": "2020"
  },
  {
    "id": "a22f8c94-796b-4b2f-9eb4-c385f0269675",
    "Product_name": "France | Crémant de Bordeaux | Brut | 75 cl | Delhaize",
    "Price": "9,99 €",
    "Price_per_liter": "13,32 €/l",
    "Wine_Varieties": "",
    "vegetarian": "False",
    "vegan": "False",
    "food_pairing": [],
    "image_URL": "https://static.delhaize.be/medias/sys_master/products/h16/h18/13023797051422.jpg",
    "URL": "https://www.delhaize.be/fr/shop/Vins-and-bulles/Bulles/Cremant/Blanc/Cremant-de-Bordeaux-Brut/p/S2024120600810560000",
    "country_origin": "Frankrijk",
    "Wine_Description": "",
    "promotion": "2+1 Gratis",
    "Alcohol_percentage": null,
    "Volume": null,
    "Type_of_Cap": null,
    "Type_of_wine": null,
    "Color": null,
    "Type_of_Box": null,
    "Millésime": null
  },
  {
    "id": "44cd347f-5aac-42c3-92c4-7e2ac6dfa6b8",
    "Product_name": "Casillero | Viognier | 75 cl | Delhaize",
    "Price": "6,99 €",
    "Price_per_liter": "9,32 €/l",
    "Wine_Varieties": "",
    "vegetarian": "False",
    "vegan": "False",
    "food_pairing": [],
    "image_URL": "https://static.delhaize.be/medias/sys_master/hd1/ha7/12431306653726.jpg",
    "URL": "https://www.delhaize.be/fr/shop/Vins-and-bulles/Vins-blancs/Chili/Viognier/p/S2015011500226810014",
    "country_origin": "Chili",
    "Wine_Description": "",
    "promotion": "",
    "Alcohol_percentage": null,
    "Volume": null,
    "Type_of_Cap": null,
    "Type_of_wine": null,
    "Color": "Wit",
    "Type_of_Box": null,
    "Millésime": null
  },
  {
    "id": "49d3d085-b10b-4278-ace0-858e95da3369",
    "Product_name": "Chateau de la Roulerie | Les Aunis  | Coteaux du Layon Chaume | 2013 | 50 cl | Delhaize",
    "Price": "49,99 €",
    "Price_per_liter": "99,98 €/l",
    "Wine_Varieties": "",
    "vegetarian": "False",
    "vegan": "False",
    "food_pairing": [],
    "image_URL": "https://static.delhaize.be/medias/sys_master/h01/h03/11703428874270.jpg",
    "URL": "https://www.delhaize.be/fr/shop/Vins-and-bulles/Exclusivites-online/Vins-blancs/France-Autres-regions/Les-Aunis-Coteaux-du-Layon-Chaume-2013/p/S2015081000384270000",
    "country_origin": "Frankrijk",
    "Wine_Description": "",
    "promotion": "",
    "Alcohol_percentage": null,
    "Volume": null,
    "Type_of_Cap": null,
    "Type_of_wine": null,
    "Color": "Wit",
    "Type_of_Box": null,
    "Millésime": null
  },
  {
    "id": "450f8d69-f690-4e31-b24c-9ef47cfd3caf",
    "Product_name": "Taittinger | Champagne | Rosé | Brut | 75 cl | Delhaize",
    "Price": "51,99 €",
    "Price_per_liter": "69,32 €/l",
    "Wine_Varieties": "35% Pinot Meunier, 35% Pinot Meunier, 35% Pinot Noir",
    "vegetarian": "True",
    "vegan": "False",
    "food_pairing": [
      "Dessert"
    ],
    "image_URL": "https://static.delhaize.be/medias/sys_master/hc1/h78/11270741426206.jpg",
    "URL": "https://www.delhaize.be/fr/shop/Vins-and-bulles/Bulles/Champagne/Rose/Champagne-Rose-Brut/p/S2005071800244060000",
    "country_origin": "Frankrijk",
    "Wine_Description": "Prestigieuse maison de Champagne à Reims, fondée en 1734 par Jacques Fourneaux sous le nom de Forest-Fourneaux. En 1932, la maison fut reprise par Pierre Taittinger, mais en 2005, elle fut vendue au fonds de pension américain Starwood. Cette reprise ne dure pas longtemps car Taittinger retombe déjà dans le giron familial en 2006. L'acquéreur est Pierre-Emmanuel Taittinger, aidé par la Caisse régionale du Crédit Agricole.   Le Rosé est composé exclusivement de pinot noir. Frais, élégamment Fruité, surtout des fruits rouges et belle longueur.",
    "promotion": "",
    "Alcohol_percentage": "12.5",
    "Volume": "0.750l",
    "Type_of_Cap": "Natuurlijke kurk",
    "Type_of_wine": "brut",
    "Color": "Rosé",
    "Type_of_Box": "Karton",
    "Millésime": null
  },
  {
    "id": "4922f5e2-5aed-4eb5-b494-445f81a57d0a",
    "Product_name": "Anna Perenna | Prosecco | Asole | Brut | 75 cl | Delhaize",
    "Price": "9,99 €",
    "Price_per_liter": "13,32 €/l",
    "Wine_Varieties": "",
    "vegetarian": "False",
    "vegan": "False",
    "food_pairing": [],
    "image_URL": "https://static.delhaize.be/medias/sys_master/products/h25/h49/12948773503006.jpg",
    "URL": "https://www.delhaize.be/fr/shop/Vins-and-bulles/Bulles/Prosecco/Blanc/Prosecco-Asole-Brut/p/S2014061900240980000",
    "country_origin": "Italië",
    "Wine_Description": "",
    "promotion": "",
    "Alcohol_percentage": null,
    "Volume": null,
    "Type_of_Cap": null,
    "Type_of_wine": null,
    "Color": null,
    "Type_of_Box": null,
    "Millésime": null
  },
  {
    "id": "c378ceeb-b38e-456e-a8e1-fc8c00b6c73e",
    "Product_name": "Codorníu | Zero | vin mousseux sans alcool | Rosé | 75 cl | Delhaize",
    "Price": "6,99 €",
    "Price_per_liter": "9,32 €/l",
    "Wine_Varieties": "",
    "vegetarian": "False",
    "vegan": "False",
    "food_pairing": [],
    "image_URL": "https://static.delhaize.be/medias/sys_master/products/h0d/h56/12869226037278.jpg",
    "URL": "https://www.delhaize.be/fr/shop/Vins-and-bulles/Vins-et-mousseux-sans-alcool/Mousseux/Zero-vin-mousseux-sans-alcool-Rose/p/S2019060500258660000",
    "country_origin": "Frankrijk",
    "Wine_Description": "",
    "promotion": "",
    "Alcohol_percentage": "0",
    "Volume": "0.750l",
    "Type_of_Cap": null,
    "Type_of_wine": null,
    "Color": null,
    "Type_of_Box": null,
    "Millésime": null
  },
  {
    "id": "7eb10fc6-d900-44e5-b63c-d331ee3dbce7",
    "Product_name": "Delhaize | Wit de Blancs | 37,5 cl | Delhaize",
    "Price": "2,49 €",
    "Price_per_liter": "6,64 €/l",
    "Wine_Varieties": "Clairette, Grenache, Ugni Blanc",
    "vegetarian": "False",
    "vegan": "False",
    "food_pairing": [
      "Vis",
      "Salade",
      "Mosselen"
    ],
    "image_URL": "https://static.delhaize.be/medias/sys_master/products/h38/h7e/13114565820446.jpg",
    "URL": "https://www.delhaize.be/fr/shop/Vins-and-bulles/Vins-blancs/France/Languedoc-Roussillon/Blanc-de-Blancs/p/S2008040800229630000",
    "country_origin": "Frankrijk",
    "Wine_Description": "",
    "promotion": "",
    "Alcohol_percentage": "11.5",
    "Volume": "0.375l",
    "Type_of_Cap": "Schroefdop",
    "Type_of_wine": "droog",
    "Color": "Wit",
    "Type_of_Box": "Karton",
    "Millésime": "2018"
  },
  {
    "id": "c1d2c3f1-2b4e-41ca-939f-43f48907c1fa",
    "Product_name": "Chili | Itata Valley | Casillero Belight Rosé | 75 cl | Delhaize",
    "Price": "6,99 €",
    "Price_per_liter": "9,32 €/l",
    "Wine_Varieties": "100% Cinsault",
    "vegetarian": "True",
    "vegan": "True",
    "food_pairing": [
      "Vis",
      "Fromages doux",
      "Zeevruchten"
    ],
    "image_URL": "https://static.delhaize.be/medias/sys_master/products/h7c/hfa/13112419647518.jpg",
    "URL": "https://www.delhaize.be/fr/shop/Vins-and-bulles/Vins-roses/Chili/Casillero-Belight-Rose/p/S2022022100607740000",
    "country_origin": "Chili",
    "Wine_Description": "",
    "promotion": "2+1 Gratis",
    "Alcohol_percentage": "8.5",
    "Volume": "0.750l",
    "Type_of_Cap": "Schroefdop",
    "Type_of_wine": "halfdroog",
    "Color": "Rosé",
    "Type_of_Box": "Karton",
    "Millésime": "2021"
  },
  {
    "id": "36cf4439-dc02-4279-a0ae-86b4b166c433",
    "Product_name": "Laurent-Perrier | Champagne | Rosé | Brut | 75 cl | Delhaize",
    "Price": "76,99 €",
    "Price_per_liter": "102,65 €/l",
    "Wine_Varieties": "100% Pinot Noir",
    "vegetarian": "True",
    "vegan": "True",
    "food_pairing": [
      "Charcuterie",
      "Fruit",
      "Gevogelte"
    ],
    "image_URL": "https://static.delhaize.be/medias/sys_master/products/h98/ha9/12658577145886.jpg",
    "URL": "https://www.delhaize.be/fr/shop/Vins-and-bulles/Bulles/Champagne/Rose/Champagne-Rose-Brut/p/S1997112400241290000",
    "country_origin": "Frankrijk",
    "Wine_Description": "Célèbre maison de Champagne de Tours-sur-Marne avec une longue tradition (fondée en 1812). Cette maison a commencé à se bâtir une renommée au milieu du siècle dernier avec l'arrivée de Bernard de Nonancourt, qui a réussi à lui donner ses lettres de noblesse. Aujourd'hui, ses deux filles, Stéphanie et Alexandra, sont à la tête de l'entreprise.   Laurent-Perrier est une autorité dans le domaine du Champagne rosé. Composé exclusivement de pinot noir, ce Champagne Fruité et plein de caractère présente une large palette de saveurs. Il se caractérise surtout par son élégance et son raffinement.",
    "promotion": "",
    "Alcohol_percentage": "12",
    "Volume": "0.750l",
    "Type_of_Cap": "Natuurlijke kurk",
    "Type_of_wine": "brut",
    "Color": "Rosé",
    "Type_of_Box": "Karton",
    "Millésime": null
  },
  {
    "id": "a20bff38-0400-43cc-bbe3-faf7a76029e8",
    "Product_name": "Sunrise | Chardonnay | 75 cl | Delhaize",
    "Price": "5,99 €",
    "Price_per_liter": "7,99 €/l",
    "Wine_Varieties": "85% Chardonnay, 15% White Blend",
    "vegetarian": "False",
    "vegan": "False",
    "food_pairing": [
      "Vis",
      "Pasta",
      "Gevogelte"
    ],
    "image_URL": "https://static.delhaize.be/medias/sys_master/hc2/hb2/12434030952478.jpg",
    "URL": "https://www.delhaize.be/fr/shop/Vins-and-bulles/Vins-blancs/Chili/Chardonnay/p/S2014071106274040014",
    "country_origin": "Chili",
    "Wine_Description": "Sunrise est l'une des marques de la célèbre maison viticole Concha y Toro, fondée en 1883 et située à Santiago. C'est de loin le plus grand producteur d'Amérique du Sud avec 8 720 ha de vignes situées à Maipo, Maule, Rapel, Colchagua, Curico et Casablanca. Sunrise est une gamme de vins de cépage, c'est-à-dire des vins issus d'un seul cépage.  Un beau chardonnay Fruité et lisse avec des tonen de fruits blancs à noyaux et d'ananas.",
    "promotion": "2+1 Gratis",
    "Alcohol_percentage": "12.8",
    "Volume": "0.750l",
    "Type_of_Cap": "Schroefdop",
    "Type_of_wine": "droog",
    "Color": "Wit",
    "Type_of_Box": "Karton",
    "Millésime": "2020"
  },
  {
    "id": "0796b1e4-c35d-4d5d-a989-80ca76e0295b",
    "Product_name": "19 Crimes | Sauv Block | Sauvignon Wit | 75 cl | Delhaize",
    "Price": "9,99 €",
    "Price_per_liter": "13,32 €/l",
    "Wine_Varieties": "100% Sauvignon Blanc",
    "vegetarian": "False",
    "vegan": "False",
    "food_pairing": [
      "Salade"
    ],
    "image_URL": "https://static.delhaize.be/medias/sys_master/products/h23/h33/12884605173790.jpg",
    "URL": "https://www.delhaize.be/fr/shop/Vins-and-bulles/Vins-blancs/Australie/Sauv-Block-Sauvignon-Blanc/p/S2020050800427440000",
    "country_origin": "Australië",
    "Wine_Description": "",
    "promotion": "",
    "Alcohol_percentage": "12",
    "Volume": "0.750l",
    "Type_of_Cap": "Natuurlijke kurk",
    "Type_of_wine": "demi-droog",
    "Color": "Wit",
    "Type_of_Box": "Karton",
    "Millésime": "2019"
  },
  {
    "id": "4fdad35e-5563-43d6-9f61-8283bc18ac01",
    "Product_name": "Torre Oria | Pinot Noir | 75 cl | Delhaize",
    "Price": "8,99 €",
    "Price_per_liter": "11,99 €/l",
    "Wine_Varieties": "100% Pinot Noir",
    "vegetarian": "False",
    "vegan": "False",
    "food_pairing": [
      "Kaasplank",
      "Vis",
      "Pasta"
    ],
    "image_URL": "https://static.delhaize.be/medias/sys_master/hce/h14/12431527313438.jpg",
    "URL": "https://www.delhaize.be/fr/shop/Vins-and-bulles/Vins-roses/Espagne/Pinot-Noir/p/S2022051900533820098",
    "country_origin": "Spanje",
    "Wine_Description": "",
    "promotion": "2+1 Gratis",
    "Alcohol_percentage": "12.5",
    "Volume": "0.750l",
    "Type_of_Cap": "Liège aggloméré",
    "Type_of_wine": "droog",
    "Color": "Rosé",
    "Type_of_Box": "Karton",
    "Millésime": "2021"
  },
  {
    "id": "0ff6be6f-c50e-4890-bdc6-b707c488a8d2",
    "Product_name": "Mionetto | Prosecco | Biologisch | Brut | 75 cl | Delhaize",
    "Price": "12,99 €",
    "Price_per_liter": "17,32 €/l",
    "Wine_Varieties": "100% Glera",
    "vegetarian": "True",
    "vegan": "False",
    "food_pairing": [
      "Vis",
      "Zeevruchten"
    ],
    "image_URL": "https://static.delhaize.be/medias/sys_master/products/ha7/h8f/13114826588190.jpg",
    "URL": "https://www.delhaize.be/fr/shop/Vins-and-bulles/Bulles/Prosecco/Blanc/Prosecco-Bio-Brut/p/S2017010303682800000",
    "country_origin": "Italië",
    "Wine_Description": "L'amour et la passion pour l'Italië ont conduit Francesco Mionetto à ouvrir une cave à vin en 1887 sur les collines de Valdobbiadene. Cette commune se situe dans la province italienne de Trévise, au coeur de la région du Prosecco. Avec plus de 130 ans d'expérience, la maison jouit d'une réputation internationale dans la production de vins Mousserende wijn. Mionetto est ainsi devenu l'un des plus grands acteurs italiens dans le domaine du Prosecco.  En 2008, Mionetto a lié son destin à celui du groupe allemand Henkell International. L'acquisition par l'un des principaux producteurs européens de vins Mousserende wijn a créé de nouvelles opportunités de croissance tant sur le marché italien que sur le marché international.  Le Prosecco Biologisch est composé à 100% de raisins glera issus de l'agriculture biologique et portant l'appellation Prosecco. Ce Prosecco est frais, aromatique et présente des tonen de pomme, d'ananas et d'orange.",
    "promotion": "",
    "Alcohol_percentage": "11",
    "Volume": "0.750l",
    "Type_of_Cap": "Natuurlijke kurk",
    "Type_of_wine": "extra droog",
    "Color": "Wit",
    "Type_of_Box": "Karton",
    "Millésime": null
  },
  {
    "id": "f89b307c-7833-4ee4-8589-8bb5b9c2c41e",
    "Product_name": "Meerdael | Chardonnay | Brut | 75 cl | Delhaize",
    "Price": "19,99 €",
    "Price_per_liter": "26,65 €/l",
    "Wine_Varieties": "",
    "vegetarian": "False",
    "vegan": "False",
    "food_pairing": [],
    "image_URL": "https://static.delhaize.be/medias/sys_master/hf8/h0b/10977559085086.jpg",
    "URL": "https://www.delhaize.be/fr/shop/Vins-and-bulles/Bulles/Mousseux/Blanc/Chardonnay-Brut/p/S2018081400100850000",
    "country_origin": "Frankrijk",
    "Wine_Description": "",
    "promotion": "",
    "Alcohol_percentage": null,
    "Volume": null,
    "Type_of_Cap": null,
    "Type_of_wine": null,
    "Color": null,
    "Type_of_Box": null,
    "Millésime": null
  },
  {
    "id": "7ff56897-d5f8-452a-8698-3e3786dacf86",
    "Product_name": "Delhaize | Pays d'Oc | Merlot | 3 l | Delhaize",
    "Price": "",
    "Price_per_liter": "",
    "Wine_Varieties": "",
    "vegetarian": "False",
    "vegan": "False",
    "food_pairing": [],
    "image_URL": "https://static.delhaize.be/medias/sys_master/products/hfd/h1e/13088800800798.jpg",
    "URL": "https://www.delhaize.be/fr/shop/Vins-and-bulles/Vins-rouges/Les-cubi/Pays-d-Oc-Merlot/p/S2022042000621050000",
    "country_origin": "Frankrijk",
    "Wine_Description": "",
    "promotion": "",
    "Alcohol_percentage": null,
    "Volume": null,
    "Type_of_Cap": null,
    "Type_of_wine": null,
    "Color": "Rood",
    "Type_of_Box": null,
    "Millésime": null
  },
  {
    "id": "97077212-6913-4f59-8aff-9b342860e1ab",
    "Product_name": "Casillero | Chardonnay | 75 cl | Delhaize",
    "Price": "6,99 €",
    "Price_per_liter": "9,32 €/l",
    "Wine_Varieties": "100% Chardonnay",
    "vegetarian": "False",
    "vegan": "False",
    "food_pairing": [
      "Vis"
    ],
    "image_URL": "https://static.delhaize.be/medias/sys_master/ha0/h45/12431442509854.jpg",
    "URL": "https://www.delhaize.be/fr/shop/Vins-and-bulles/Vins-blancs/Chili/Chardonnay/p/S2014100800220980014",
    "country_origin": "Chili",
    "Wine_Description": "Un vin entouré d'une légende, car Casillero del Diablo signifie littéralement « la cave du diable ». La légende date du XIXe siècle lorsque l'homme d'affaires Don Melchor s'établit dans la petite ville de Pirque pour y faire du vin. Il doit avoir été de grande qualité car des bouteilles disparaissaient mystérieusement de la cave. Pour lutter contre ces vols, il fit courir le bruit que son chai était occupé par le diable. Un mythe qui survit d'ailleurs encore aujourd'hui.  Pas de chardonnay diabolique, mais un chardonnay bien typé, Fruité, frais et élégant.",
    "promotion": "",
    "Alcohol_percentage": "13.9",
    "Volume": "0.750l",
    "Type_of_Cap": "Schroefdop",
    "Type_of_wine": "droog",
    "Color": "Wit",
    "Type_of_Box": "Karton",
    "Millésime": "2018"
  },
  {
    "id": "7257895d-4e1f-4fae-b285-288fd3cd34e1",
    "Product_name": "Dilusso | Prosecco | Extra Dry | 75 cl | Delhaize",
    "Price": "0,99 €",
    "Price_per_liter": "",
    "Wine_Varieties": "85% Glera",
    "vegetarian": "True",
    "vegan": "True",
    "food_pairing": [
      "Aperitief"
    ],
    "image_URL": "https://static.delhaize.be/medias/sys_master/h7b/h82/12498708561950.jpg",
    "URL": "https://www.delhaize.be/fr/shop/Vins-and-bulles/Bulles/Prosecco/Blanc/Prosecco-Extra-Dry/p/S2016060203653220000",
    "country_origin": "Italië",
    "Wine_Description": "Prosecco produit par les frères Secondo et Luigi Martini qui ont démarré leurs activités en 1947, dans les collines des Langhe (Piémont). Aujourd'hui, ils sont présents dans différentes régions où ils possèdent soit leurs propres domaines, soit collaborent avec plus de 1.000 viticulteurs différents !  Ce Prosecco de la Vénétie, produit principalement à partir du cépage glera, remporte tous les suffrages. Il est frais, floral et Fruité, avec une belle longueur.",
    "promotion": "",
    "Alcohol_percentage": "11",
    "Volume": "0.750l",
    "Type_of_Cap": "Natuurlijke kurk",
    "Type_of_wine": "demi-droog",
    "Color": "Wit",
    "Type_of_Box": "Karton",
    "Millésime": null
  },
  {
    "id": "ce41bc25-b945-4267-a1b7-7c1c3cc20ab1",
    "Product_name": "Vina Pomal | Crianza | Rioja | 75 cl | Delhaize",
    "Price": "7,99 €",
    "Price_per_liter": "10,65 €/l",
    "Wine_Varieties": "100% Tempranillo",
    "vegetarian": "True",
    "vegan": "False",
    "food_pairing": [
      "Barbecue",
      "Vis",
      "Foie gras"
    ],
    "image_URL": "https://static.delhaize.be/medias/sys_master/products/ha5/h09/12838556336158.jpg",
    "URL": "https://www.delhaize.be/fr/shop/Vins-and-bulles/Vins-rouges/Espagne/Crianza-Rioja/p/S2020100500467260000",
    "country_origin": "Spanje",
    "Wine_Description": "",
    "promotion": "",
    "Alcohol_percentage": "14",
    "Volume": "0.750l",
    "Type_of_Cap": "Diam",
    "Type_of_wine": "droog",
    "Color": "Rood",
    "Type_of_Box": "Karton",
    "Millésime": "2017"
  },
  {
    "id": "b469f942-4a05-4edd-88c8-607ee07ad44c",
    "Product_name": "Delhaize | South African Wine | Chardonnay | 3 l | Delhaize",
    "Price": "13,99 €",
    "Price_per_liter": "4,66 €/l",
    "Wine_Varieties": "",
    "vegetarian": "False",
    "vegan": "False",
    "food_pairing": [],
    "image_URL": "https://static.delhaize.be/medias/sys_master/products/h73/h38/12656789356574.jpg",
    "URL": "https://www.delhaize.be/fr/shop/Vins-and-bulles/Vins-blancs/Les-cubi/South-African-Wine-Chardonnay/p/S2022042600624490000",
    "country_origin": "Afrique du Sud",
    "Wine_Description": "",
    "promotion": "",
    "Alcohol_percentage": null,
    "Volume": null,
    "Type_of_Cap": null,
    "Type_of_wine": null,
    "Color": null,
    "Type_of_Box": null,
    "Millésime": null
  },
  {
    "id": "3db683d4-4060-40ac-a3f5-feb70783f267",
    "Product_name": "De Chanceny | Crémant de Loire | Rosé | Brut | 75 cl | Delhaize",
    "Price": "11,99 €",
    "Price_per_liter": "15,99 €/l",
    "Wine_Varieties": "90% Cabernet Franc, 10% Grolleau",
    "vegetarian": "True",
    "vegan": "True",
    "food_pairing": [
      "Aperitief",
      "Fruit"
    ],
    "image_URL": "https://static.delhaize.be/medias/sys_master/hc9/haf/12497060102174.jpg",
    "URL": "https://www.delhaize.be/fr/shop/Vins-and-bulles/Bulles/Cremant/Rose/Cremant-de-Loire-Rose-Brut/p/S1973110600239050000",
    "country_origin": "Frankrijk",
    "Wine_Description": "Célèbre vin Mousserende wijn du groupe Alliance Loire. Les raisins utilisés dans l'élaboration de ce Crémant sont issus de sols composés d'argile, de calcaire, de schiste et d'ardoise dans la pointe sud de l'appellation Saumur.   Le brut Rosé est élaboré exclusivement à partir de cabernet franc. 12 à 16 mois de maturation donnent un Crémant serré et nerveux aux tonen de fruits blancs et rouges.",
    "promotion": "",
    "Alcohol_percentage": "12.35",
    "Volume": "0.750l",
    "Type_of_Cap": "Natuurlijke kurk",
    "Type_of_wine": "brut",
    "Color": "Rosé",
    "Type_of_Box": "Karton",
    "Millésime": null
  },
  {
    "id": "e862f75b-68bc-463f-b84f-4681045fd63e",
    "Product_name": "Vinas Del Vero | Chardonnay | 75 cl | Delhaize",
    "Price": "5,99 €",
    "Price_per_liter": "7,99 €/l",
    "Wine_Varieties": "100% Chardonnay",
    "vegetarian": "False",
    "vegan": "False",
    "food_pairing": [
      "Vis",
      "Salade",
      "Groenten"
    ],
    "image_URL": "https://static.delhaize.be/medias/sys_master/products/h9f/hae/12948820492318.jpg",
    "URL": "https://www.delhaize.be/fr/shop/Vins-and-bulles/Vins-blancs/Espagne/Chardonnay/p/S2021121400493420096",
    "country_origin": "Spanje",
    "Wine_Description": "",
    "promotion": "",
    "Alcohol_percentage": "13.5",
    "Volume": "0.750l",
    "Type_of_Cap": "Schroefdop",
    "Type_of_wine": "droog",
    "Color": "Wit",
    "Type_of_Box": "Karton",
    "Millésime": "2021"
  },
  {
    "id": "28784b00-8807-41bd-b731-65a36537b6cc",
    "Product_name": "Hola | Mediterráneo Spritz Orange | Brut | 75 cl | Delhaize",
    "Price": "8,99 €",
    "Price_per_liter": "11,99 €/l",
    "Wine_Varieties": "",
    "vegetarian": "False",
    "vegan": "False",
    "food_pairing": [],
    "image_URL": "https://static.delhaize.be/medias/sys_master/hf3/hff/12273700438046.jpg",
    "URL": "https://www.delhaize.be/fr/shop/Vins-and-bulles/Bulles/Autres-effervescents/Blanc/Mediterraneo-Spritz-Orange-Brut/p/S2023112100730480000",
    "country_origin": "",
    "Wine_Description": "",
    "promotion": "",
    "Alcohol_percentage": null,
    "Volume": null,
    "Type_of_Cap": null,
    "Type_of_wine": null,
    "Color": null,
    "Type_of_Box": null,
    "Millésime": null
  },
  {
    "id": "58e04943-a146-4a69-a4af-611a54fffcb6",
    "Product_name": "Arniston Bay | Sauvignon Wit / Sémillon | 75 cl | Delhaize",
    "Price": "5,99 €",
    "Price_per_liter": "7,99 €/l",
    "Wine_Varieties": "70% Sauvignon Blanc, 30% Semillon",
    "vegetarian": "True",
    "vegan": "True",
    "food_pairing": [
      "Zeevruchten"
    ],
    "image_URL": "https://static.delhaize.be/medias/sys_master/he8/h68/12608377094174.jpg",
    "URL": "https://www.delhaize.be/fr/shop/Vins-and-bulles/Vins-blancs/Afrique-du-Sud/Sauvignon-Blanc-Semillon/p/S2014032000216080014",
    "country_origin": "Afrique du Sud",
    "Wine_Description": "Les vins d'Arniston Bay en Afrique du Sud empruntent leur nom à la célèbre côte, agrémentée de longues plages vierges et surplombée par un village de pêcheurs. C'est l'une des marques de Stellenbosch Vineyards, fondée en 1690 sur la ferme historique Welmoed. Avec la gamme Arniston Bay, la maison entend mettre en évidence l'environnement paradisiaque de la baie et les plages. Des vins très digestes pour un plaisir immédiat, qui accompagnent les repas ou les en-cas, bref, à consommer à tout moment et en tout lieu.  Les raisins proviennent de la région de Stellenbosch et sont fermentés dans des cuves en acier inoxydable. Vin vif et équilibré avec des tonen d'agrumes bien mûrs et de fruits blancs.",
    "promotion": "",
    "Alcohol_percentage": "13",
    "Volume": "0.750l",
    "Type_of_Cap": "Schroefdop",
    "Type_of_wine": "droog",
    "Color": "Wit",
    "Type_of_Box": "Karton",
    "Millésime": "2021"
  },
  {
    "id": "b215dffe-802a-48b7-be73-8b54eb9d5410",
    "Product_name": "Delhaize | Vouvray | 75 cl | Delhaize",
    "Price": "7,49 €",
    "Price_per_liter": "9,99 €/l",
    "Wine_Varieties": "",
    "vegetarian": "False",
    "vegan": "False",
    "food_pairing": [],
    "image_URL": "https://static.delhaize.be/medias/sys_master/h6b/hce/12430835712030.jpg",
    "URL": "https://www.delhaize.be/fr/shop/Vins-and-bulles/Vins-blancs/France/Loire/Vouvray/p/S2022072800642370000",
    "country_origin": "Frankrijk",
    "Wine_Description": "",
    "promotion": "",
    "Alcohol_percentage": null,
    "Volume": null,
    "Type_of_Cap": null,
    "Type_of_wine": null,
    "Color": "Wit",
    "Type_of_Box": null,
    "Millésime": null
  },
  {
    "id": "c0ee9753-0b9a-43cd-b0fb-a92517b0518c",
    "Product_name": "Casillero | Pinot Grigio | 75 cl | Delhaize",
    "Price": "6,99 €",
    "Price_per_liter": "9,32 €/l",
    "Wine_Varieties": "",
    "vegetarian": "False",
    "vegan": "False",
    "food_pairing": [],
    "image_URL": "https://static.delhaize.be/medias/sys_master/h22/h01/12431057682462.jpg",
    "URL": "https://www.delhaize.be/fr/shop/Vins-and-bulles/Vins-blancs/Chili/Pinot-Grigio/p/S2019121900336160000",
    "country_origin": "Chili",
    "Wine_Description": "",
    "promotion": "",
    "Alcohol_percentage": null,
    "Volume": null,
    "Type_of_Cap": null,
    "Type_of_wine": null,
    "Color": "Wit",
    "Type_of_Box": null,
    "Millésime": null
  },
  {
    "id": "bec7cb5f-fa08-4c79-96ae-ddd04d4e652d",
    "Product_name": "Beronia | Rioja Reserva | 75 cl | Delhaize",
    "Price": "13,99 €",
    "Price_per_liter": "18,65 €/l",
    "Wine_Varieties": "95% Tempranillo, 4% Graciano, 1% Mazuelo",
    "vegetarian": "True",
    "vegan": "True",
    "food_pairing": [
      "Gegrild vlees",
      "Sterke kazen"
    ],
    "image_URL": "https://static.delhaize.be/medias/sys_master/hab/h95/12431548088350.jpg",
    "URL": "https://www.delhaize.be/fr/shop/Vins-and-bulles/Vins-rouges/Espagne/Rioja-Reserva/p/S2022050400625960000",
    "country_origin": "Spanje",
    "Wine_Description": "",
    "promotion": "",
    "Alcohol_percentage": "14",
    "Volume": "0.750l",
    "Type_of_Cap": "Natuurlijke kurk",
    "Type_of_wine": "droog",
    "Color": "Rood",
    "Type_of_Box": "Karton",
    "Millésime": "2019"
  },
  {
    "id": "bb72bb34-86fd-48f6-888d-0ffe70f0b232",
    "Product_name": "Filipetti | Vino Spumante | Moscato | Rosato | Dolce | 75 cl | Delhaize",
    "Price": "3,49 €",
    "Price_per_liter": "4,65 €/l",
    "Wine_Varieties": "95% Moscato",
    "vegetarian": "True",
    "vegan": "False",
    "food_pairing": [
      "Dessert"
    ],
    "image_URL": "https://static.delhaize.be/medias/sys_master/h6f/h47/11701796601886.jpg",
    "URL": "https://www.delhaize.be/fr/shop/Vins-and-bulles/Bulles/Autres-effervescents/Rose/Vino-Spumante-Moscato-Rosato-Dolce/p/S2014052700240000000",
    "country_origin": "Italië",
    "Wine_Description": "Filipetti s'est forgé une belle réputation de vins Mousserende wijn à base de muscato. L'entreprise est située au coeur d'Asti, connu comme le centre des vins Mousserende wijn dans la région du Piémont. Pour faire du Moscato bianco, le jus filtré fermente en cuve à basse température jusqu'à ce que le rapport alcool/sucres restants soit optimal.  Le Moscato Rosé est clairement Fruité et présente non seulement les aroma's typiques du muscat mais aussi des tonen de melon et d'agrumes mûrs.",
    "promotion": "",
    "Alcohol_percentage": "6.5",
    "Volume": "0.750l",
    "Type_of_Cap": "Liège aggloméré",
    "Type_of_wine": "doux",
    "Color": "Wit",
    "Type_of_Box": "Karton",
    "Millésime": null
  },
  {
    "id": "a36f171b-9d26-4a2e-a506-c0175d218bca",
    "Product_name": "Ziegler | Crémant d'Alsace | Rosé | Brut | 75 cl | Delhaize",
    "Price": "11,49 €",
    "Price_per_liter": "15,32 €/l",
    "Wine_Varieties": "100% Pinot Noir",
    "vegetarian": "True",
    "vegan": "True",
    "food_pairing": [
      "Dessert"
    ],
    "image_URL": "https://static.delhaize.be/medias/sys_master/h46/h3f/11214677901342.jpg",
    "URL": "https://www.delhaize.be/fr/shop/Vins-and-bulles/Bulles/Cremant/Rose/Cremant-d-Alsace-Rose-Brut/p/S2007041900239310000",
    "country_origin": "Frankrijk",
    "Wine_Description": "Le décret d'appellation est clair : pour le Crémant rosé, seuls des raisins noirs de pinot noir peuvent être utilisés. Pas d'ajout de vin Rood au Wit, comme en Champagne. Le pinot noir macère brièvement pour obtenir la Color souhaitée. Ce vin de base subit ensuite une deuxième fermentation en bouteille, tout comme l'autre Crémant. Ziegler réussit à caractériser ce pinot à la perfection : teinte saumon, fruits savoureux, surtout petits fruits rouges, et acidité agréable dans le prolongement.",
    "promotion": "",
    "Alcohol_percentage": "12.5",
    "Volume": "0.750l",
    "Type_of_Cap": "Natuurlijke kurk",
    "Type_of_wine": "brut",
    "Color": "Rosé",
    "Type_of_Box": "Karton",
    "Millésime": null
  },
  {
    "id": "7c7952c8-e28c-41a0-9b61-19acc9db95d2",
    "Product_name": "Vranken | Demoiselle | Champagne | Rosé | Brut | 20 cl | Delhaize",
    "Price": "14,99 €",
    "Price_per_liter": "74,95 €/l",
    "Wine_Varieties": "33% Chardonnay, 33% Pino Meunier, 33% Pinot Noir",
    "vegetarian": "True",
    "vegan": "True",
    "food_pairing": [
      "Fruit"
    ],
    "image_URL": "https://static.delhaize.be/medias/sys_master/h60/h56/12498652987422.jpg",
    "URL": "https://www.delhaize.be/fr/shop/Vins-and-bulles/Bulles/Champagne/Rose/Champagne-Rose-Brut/p/S2017081604173030000",
    "country_origin": "Frankrijk",
    "Wine_Description": "Saviez-vous que le groupe Vranken-Pommery est aujourd'hui le plus grand propriétaire de vignobles en Europe ? L'entreprise est active en Champagne, en Provence, en Camargue ainsi qu'au Portugal. Aujourd'hui, elle possède plus de 2.500 ha de vignobles.  Saviez-vous que la Champagne est l'unique région où il est permis d'ajouter un trait de vin Rood aux blancs pour en faire du rosé. Vranken possède une parfaite maîtrise de cette technique. Un Champagne subtil avec des tonen de fruits rouges qui ne perd pourtant pas en frisheid.",
    "promotion": "",
    "Alcohol_percentage": "12.5",
    "Volume": "0.200l",
    "Type_of_Cap": "Natuurlijke kurk",
    "Type_of_wine": "brut",
    "Color": "Rosé",
    "Type_of_Box": "Karton",
    "Millésime": null
  },
  {
    "id": "bb1124ae-2efb-466b-8651-8019ae11be0a",
    "Product_name": "France - Frankrijk | Bordeaux - Saint Julien | Château Gruaud-Larose 2019 | Caisse en bois | 75 cl | Delhaize",
    "Price": "99,99 €",
    "Price_per_liter": "133,32 €/l",
    "Wine_Varieties": "72% Cabernet Sauvignon, 25% Merlot, 3% Cabernet Franc",
    "vegetarian": "True",
    "vegan": "False",
    "food_pairing": [
      "Gebraden"
    ],
    "image_URL": "https://static.delhaize.be/medias/sys_master/products/ha2/haf/13140202946590.jpg",
    "URL": "https://www.delhaize.be/fr/shop/Vins-and-bulles/Exclusivites-online/Vins-rouges/France-Bordeaux/Chateau-Gruaud-Larose-2019-Caisse-en-bois/p/S2021030100521220000",
    "country_origin": "Frankrijk",
    "Wine_Description": "",
    "promotion": "",
    "Alcohol_percentage": "13.5",
    "Volume": "0.750l",
    "Type_of_Cap": "Liège aggloméré",
    "Type_of_wine": "droog",
    "Color": "Rood",
    "Type_of_Box": "Hout",
    "Millésime": "2019"
  },
  {
    "id": "ff3b7ff9-5cfb-4771-bccd-fce55481721f",
    "Product_name": "Finca Manzanos | Rioja | Graciano | 75 cl | Delhaize",
    "Price": "5,99 €",
    "Price_per_liter": "7,99 €/l",
    "Wine_Varieties": "13.5% Graciano",
    "vegetarian": "True",
    "vegan": "True",
    "food_pairing": [
      "Kaasplank",
      "Gegrild vlees",
      "Lam"
    ],
    "image_URL": "https://static.delhaize.be/medias/sys_master/h21/h06/12613553356830.jpg",
    "URL": "https://www.delhaize.be/fr/shop/Vins-and-bulles/Vins-rouges/Espagne/Rioja-Graciano/p/S2022013100412450097",
    "country_origin": "Spanje",
    "Wine_Description": "",
    "promotion": "",
    "Alcohol_percentage": "13.5",
    "Volume": "0.750l",
    "Type_of_Cap": "Diam",
    "Type_of_wine": "droog",
    "Color": "Rood",
    "Type_of_Box": "Karton",
    "Millésime": "2022"
  },
  {
    "id": "a2195a54-6edd-4c47-9168-4cac30d44549",
    "Product_name": "Mionetto | Prosecco | Brut | 20 cl | Delhaize",
    "Price": "3,99 €",
    "Price_per_liter": "19,95 €/l",
    "Wine_Varieties": "100% Glera",
    "vegetarian": "True",
    "vegan": "False",
    "food_pairing": [
      "Vis",
      "Groenten"
    ],
    "image_URL": "https://static.delhaize.be/medias/sys_master/h72/h3c/11665186422814.jpg",
    "URL": "https://www.delhaize.be/fr/shop/Vins-and-bulles/Bulles/Prosecco/Blanc/Prosecco-Brut/p/S2016052003651030000",
    "country_origin": "Italië",
    "Wine_Description": "L'amour et la passion pour l'Italië ont conduit Francesco Mionetto à ouvrir une cave à vin en 1887 sur les collines de Valdobbiadene. Cette commune se situe dans la province italienne de Trévise, au coeur de la région du Prosecco. Avec plus de 130 ans d'expérience, la maison jouit d'une réputation internationale dans la production de vins Mousserende wijn. Mionetto est ainsi devenu l'un des plus grands acteurs italiens dans le domaine du Prosecco.  En 2008, Mionetto a lié son destin à celui du groupe allemand Henkell International. L'acquisition par l'un des principaux producteurs européens de vins Mousserende wijn a créé de nouvelles opportunités de croissance tant sur le marché italien que sur le marché international.  En utilisant exclusivement des raisins glera de Trévise, on obtient un Prosecco aux aroma's de pomme Golden, de réglisse et d'acacia.",
    "promotion": "",
    "Alcohol_percentage": "11",
    "Volume": "0.200l",
    "Type_of_Cap": null,
    "Type_of_wine": "brut",
    "Color": "Wit",
    "Type_of_Box": "Karton",
    "Millésime": null
  },
  {
    "id": "81f1d340-0e2e-492b-95ba-1261ebb353da",
    "Product_name": "Anna Perenna | Prosecco | Brut | 37,5 cl | Delhaize",
    "Price": "5,49 €",
    "Price_per_liter": "14,64 €/l",
    "Wine_Varieties": "",
    "vegetarian": "False",
    "vegan": "False",
    "food_pairing": [],
    "image_URL": "https://static.delhaize.be/medias/sys_master/h59/h12/11346119426078.jpg",
    "URL": "https://www.delhaize.be/fr/shop/Vins-and-bulles/Bulles/Autres-effervescents/Blanc/Prosecco-Brut/p/S2016021703631680000",
    "country_origin": "Italië",
    "Wine_Description": "",
    "promotion": "",
    "Alcohol_percentage": null,
    "Volume": null,
    "Type_of_Cap": null,
    "Type_of_wine": null,
    "Color": null,
    "Type_of_Box": null,
    "Millésime": null
  },
  {
    "id": "b40459b7-95ab-4264-a413-5cc63e4605a6",
    "Product_name": "Montinho Selection | Vinho Regional Alentejano | 75 cl | Delhaize",
    "Price": "9,99 €",
    "Price_per_liter": "13,32 €/l",
    "Wine_Varieties": "50% Alicante Bouschet, 25% Touriga Franca, 25% Touriga Nacional",
    "vegetarian": "True",
    "vegan": "True",
    "food_pairing": [
      "Gebraden",
      "Steak",
      "Wild"
    ],
    "image_URL": "https://static.delhaize.be/medias/sys_master/hdf/h20/12433576591390.jpg",
    "URL": "https://www.delhaize.be/fr/shop/Vins-and-bulles/Vins-rouges/Portugal/Vinho-Regional-Alentejano/p/S2022012000598400000",
    "country_origin": "Portugal",
    "Wine_Description": "",
    "promotion": "",
    "Alcohol_percentage": "14",
    "Volume": "0.750l",
    "Type_of_Cap": "Dop",
    "Type_of_wine": "droog",
    "Color": "Rood",
    "Type_of_Box": "Hout",
    "Millésime": "2020"
  },
  {
    "id": "a0f17e28-5eb8-4c62-be74-870ae3e99cb5",
    "Product_name": "De Chanceny | Saumur | Brut | 75 cl | Delhaize",
    "Price": "9,99 €",
    "Price_per_liter": "13,32 €/l",
    "Wine_Varieties": "65% Chenin Blanc, 20% Chardonnay, 15% Cabernet Franc",
    "vegetarian": "True",
    "vegan": "True",
    "food_pairing": [
      "Aperitief",
      "Sushi",
      "Tapas"
    ],
    "image_URL": "https://static.delhaize.be/medias/sys_master/h28/h0a/10022531563550.jpg",
    "URL": "https://www.delhaize.be/fr/shop/Vins-and-bulles/Bulles/Autres-effervescents/Blanc/Saumur-Brut/p/S1972042600239170000",
    "country_origin": "Frankrijk",
    "Wine_Description": "Alliance Loire, fondée en 2002, regroupe 7 coopératives performantes qui opèrent sur l'ensemble du Val de Loire, de Nantes à l'ouest à la Touraine à l'est.  Les 1 200 ha de vignoble situés à l'ouest de Saumur produisent le Saumur, un vin Mousserende wijn élaboré selon la méthode classique de seconde fermentation sur bouteille. Principalement dominé par le chenin Wit, même si le chardonnay et le cabernet sauvignon peuvent aussi être ajoutés.  Le brut est serré et bien droog avec des tonen d'agrumes, de pomme et une frisheid minérale.",
    "promotion": "",
    "Alcohol_percentage": "12.05",
    "Volume": "0.750l",
    "Type_of_Cap": "Natuurlijke kurk",
    "Type_of_wine": "brut",
    "Color": "Wit",
    "Type_of_Box": "Karton",
    "Millésime": null
  },
  {
    "id": "a6d64965-be54-4fed-9913-92c6fbca6cbe",
    "Product_name": "Bernard-Massard | Brut | 75 cl | Delhaize",
    "Price": "12,49 €",
    "Price_per_liter": "16,65 €/l",
    "Wine_Varieties": "Chardonnay, Pinot Blanc, Pinot Noir",
    "vegetarian": "True",
    "vegan": "True",
    "food_pairing": [
      "Aperitief",
      "Gevogelte",
      "Sushi"
    ],
    "image_URL": "https://static.delhaize.be/medias/sys_master/h3c/h53/11632280109086.jpg",
    "URL": "https://www.delhaize.be/fr/shop/Vins-and-bulles/Bulles/Mousseux/Blanc/Brut/p/S1984062900239550000",
    "country_origin": "Luxembourg",
    "Wine_Description": "Bernard-Massard, fondé en 1921 par Jean Bernard Massard à Grevenmacher et presque centenaire, est de loin le plus grand producteur de vins Mousserende wijn luxembourgeois, élaborés selon la méthode traditionnelle ou seconde fermentation sur bouteille. Véritable entreprise familiale depuis 5 générations, elle produit aujourd'hui 3,5 millions de bouteilles de vins tranquilles et effervescents par an. L'année dernière, des investissements massifs ont été réalisés dans de nouvelles installations de production, faisant de Bernard-Massard l'une des caves les plus modernes d'Europe.   Pinot Wit, chardonnay et pinot noir caractérisent la carte de visite de la maison. droog et frais, empli d'agrumes et d'amandes en finale.",
    "promotion": "",
    "Alcohol_percentage": "12",
    "Volume": "0.750l",
    "Type_of_Cap": "Natuurlijke kurk",
    "Type_of_wine": "brut",
    "Color": "Wit",
    "Type_of_Box": "Karton",
    "Millésime": null
  },
  {
    "id": "cce4452a-386c-4588-926e-1c808a209e19",
    "Product_name": "Solaïs | Languedoc | 2023 | 75 cl | Delhaize",
    "Price": "7,99 €",
    "Price_per_liter": "10,65 €/l",
    "Wine_Varieties": "50% Cinsault, 40% Grenache, 10% Carignan",
    "vegetarian": "True",
    "vegan": "True",
    "food_pairing": [
      "Vis",
      "Pizza",
      "Salade"
    ],
    "image_URL": "https://static.delhaize.be/medias/sys_master/products/hff/h4d/13138880397342.jpg",
    "URL": "https://www.delhaize.be/fr/shop/Vins-and-bulles/Exclusivites-online/Vins-roses/France-Autres-regions/Languedoc-2023/p/S2022121900493550094",
    "country_origin": "Frankrijk",
    "Wine_Description": "",
    "promotion": "2+1 Gratis",
    "Alcohol_percentage": "13",
    "Volume": "0.750l",
    "Type_of_Cap": "Schroefdop",
    "Type_of_wine": "droog",
    "Color": "Rosé",
    "Type_of_Box": "Karton",
    "Millésime": "2022"
  },
  {
    "id": "f048733c-41b1-492c-b22d-274fe41a34cd",
    "Product_name": "Vranken | Champagne | Diamant | Brut | 75 cl | Delhaize",
    "Price": "55,99 €",
    "Price_per_liter": "74,65 €/l",
    "Wine_Varieties": "50% Chardonnay, 50% Pinot Noir",
    "vegetarian": "True",
    "vegan": "True",
    "food_pairing": [
      "Gebraden"
    ],
    "image_URL": "https://static.delhaize.be/medias/sys_master/h8b/h38/11026394808350.jpg",
    "URL": "https://www.delhaize.be/fr/shop/Vins-and-bulles/Bulles/Champagne/Blanc/Champagne-Diamant-Brut/p/S2013072300240520040",
    "country_origin": "Frankrijk",
    "Wine_Description": "Le père de Paul-François Vranken était directeur du département Porsche chez D'Ieteren. Comme à l'époque, l'achat d'une Porsche s'accompagnait toujours du sabrage d'une bouteille de Champagne, et que le Club Porsche de België se rendait fréquemment en Champagne, le jeune Paul-François fut rapidement mis dans le bain. Au milieu des années 70, Vranken s'installe en Champagne et achète sa première marque de Champagne en 1978. Il a ensuite enchaîné les achats de marques. Il est aujourd'hui le deuxième groupe champenois le plus important après la société de luxe LVMH.  Le Champagne Diamant est une cuvée légendaire, présentée dans une bouteille tout aussi unique. Élaboré par Dominique Pichart, le Chef de Cave de la Maison Vranken, riche et dense, beau Fruit mûr, amande, long et complexe.",
    "promotion": "",
    "Alcohol_percentage": "12",
    "Volume": "0.750l",
    "Type_of_Cap": "Natuurlijke kurk",
    "Type_of_wine": "brut",
    "Color": "Wit",
    "Type_of_Box": "Karton",
    "Millésime": null
  },
  {
    "id": "90a0adae-7c13-4590-be5d-3e7d34c6581b",
    "Product_name": "Vintense | Fines Bulles | vin mousseux sans alcool | Rosé | 75 cl | Delhaize",
    "Price": "5,99 €",
    "Price_per_liter": "7,99 €/l",
    "Wine_Varieties": "",
    "vegetarian": "False",
    "vegan": "False",
    "food_pairing": [],
    "image_URL": "https://static.delhaize.be/medias/sys_master/products/hc4/h8f/13178957496350.jpg",
    "URL": "https://www.delhaize.be/fr/shop/Vins-and-bulles/Vins-et-mousseux-sans-alcool/Mousseux/Fines-Bulles-vin-mousseux-sans-alcool-Rose/p/S2013041800238680000",
    "country_origin": "Frankrijk",
    "Wine_Description": "",
    "promotion": "",
    "Alcohol_percentage": "0",
    "Volume": "0.750l",
    "Type_of_Cap": null,
    "Type_of_wine": null,
    "Color": null,
    "Type_of_Box": null,
    "Millésime": null
  },
  {
    "id": "e0707c3a-479f-4726-acf6-2536c792b95a",
    "Product_name": "Sunrise | rosé | 75 cl | Delhaize",
    "Price": "5,99 €",
    "Price_per_liter": "7,99 €/l",
    "Wine_Varieties": "50% Syrah, 35% Cabernet Sauvignon, 15% Red Blend",
    "vegetarian": "False",
    "vegan": "False",
    "food_pairing": [
      "Fruit",
      "Salade"
    ],
    "image_URL": "https://static.delhaize.be/medias/sys_master/products/ha7/h74/12884562313246.jpg",
    "URL": "https://www.delhaize.be/fr/shop/Vins-and-bulles/Vins-roses/Chili/rose/p/S2020012200347790000",
    "country_origin": "Chili",
    "Wine_Description": "",
    "promotion": "2+1 Gratis",
    "Alcohol_percentage": "11.9",
    "Volume": "0.750l",
    "Type_of_Cap": "Schroefdop",
    "Type_of_wine": "demi-droog",
    "Color": "Rosé",
    "Type_of_Box": "Karton",
    "Millésime": "2020"
  },
  {
    "id": "b4fe0ce4-940c-4aea-a262-af9a2017fe13",
    "Product_name": "Cecchi | Torrebona Vernaccia di San Gimignano | 75 cl | Delhaize",
    "Price": "7,49 €",
    "Price_per_liter": "9,99 €/l",
    "Wine_Varieties": "90% Vernaccia di San Gimignano",
    "vegetarian": "True",
    "vegan": "True",
    "food_pairing": [
      "Kaasplank"
    ],
    "image_URL": "https://static.delhaize.be/medias/sys_master/h68/h61/12431031795742.jpg",
    "URL": "https://www.delhaize.be/fr/shop/Vins-and-bulles/Vins-blancs/Italie/Torrebona-Vernaccia-di-San-Gimignano/p/S2022052700529930096",
    "country_origin": "Italië",
    "Wine_Description": "",
    "promotion": "",
    "Alcohol_percentage": "13",
    "Volume": "0.750l",
    "Type_of_Cap": "Diam",
    "Type_of_wine": "droog",
    "Color": "Wit",
    "Type_of_Box": "Karton",
    "Millésime": "2022"
  },
  {
    "id": "5b28c1d9-f6a0-4812-8c8d-0ba642ea3208",
    "Product_name": "Plaza Mayor | Tempranillo | Bio | 75 cl | Delhaize",
    "Price": "3,99 €",
    "Price_per_liter": "5,32 €/l",
    "Wine_Varieties": "",
    "vegetarian": "False",
    "vegan": "False",
    "food_pairing": [],
    "image_URL": "https://static.delhaize.be/medias/sys_master/products/h13/h45/12710338166814.jpg",
    "URL": "https://www.delhaize.be/fr/shop/Vins-and-bulles/Vins-rouges/Espagne/Tempranillo-Bio/p/S2022071900640760000",
    "country_origin": "Spanje",
    "Wine_Description": "",
    "promotion": "",
    "Alcohol_percentage": null,
    "Volume": null,
    "Type_of_Cap": null,
    "Type_of_wine": null,
    "Color": "Rood",
    "Type_of_Box": null,
    "Millésime": null
  },
  {
    "id": "83d48a65-7911-4a78-aa05-97b329ed56c5",
    "Product_name": "Chiarli | Lambrusco | Rosé | 75 cl | Delhaize",
    "Price": "3,49 €",
    "Price_per_liter": "4,65 €/l",
    "Wine_Varieties": "100% Lambrusco",
    "vegetarian": "True",
    "vegan": "True",
    "food_pairing": [
      "Fromages doux",
      "Gevogelte",
      "Dessert"
    ],
    "image_URL": "https://static.delhaize.be/medias/sys_master/hbe/h16/11435363663902.jpg",
    "URL": "https://www.delhaize.be/fr/shop/Vins-and-bulles/Bulles/Autres-effervescents/Rose/Lambrusco-Rose/p/S2013060700239780000",
    "country_origin": "Italië",
    "Wine_Description": "Le lambrusco est un vin Rood légèrement pétillant de la région viticole italienne Emilie-Romagne. Le nom fait référence au cépage du même nom qui y est cultivé depuis l'époque des Étrusques. Ce vin se décline en Rood, rosé et Wit, et en différentes saveurs : droog, demi-droog et sucré. Le caractère légèrement pétillant du vin est dû à la fermentation en cuve fermée, également appelée « cuve close ».  Le rosé, dominé par les fruits rouges, avec son caractère légèrement sucré, accompagne parfaitement une grande variété de desserts.",
    "promotion": "",
    "Alcohol_percentage": "7.5",
    "Volume": "0.750l",
    "Type_of_Cap": "Liège aggloméré",
    "Type_of_wine": "doux",
    "Color": "Rosé",
    "Type_of_Box": "Karton",
    "Millésime": "2018"
  },
  {
    "id": "f93f919f-cc35-4d20-bfa5-bf801715a4f9",
    "Product_name": "Delhaize | Languedoc | 75 cl | Delhaize",
    "Price": "6,99 €",
    "Price_per_liter": "9,32 €/l",
    "Wine_Varieties": "Grenache, Cinsault",
    "vegetarian": "False",
    "vegan": "False",
    "food_pairing": [
      "Vis",
      "Veau"
    ],
    "image_URL": "https://static.delhaize.be/medias/sys_master/products/hf7/hc3/13088744996894.jpg",
    "URL": "https://www.delhaize.be/fr/shop/Vins-and-bulles/Vins-roses/France/Provence/Languedoc/p/S2020112600472670000",
    "country_origin": "Frankrijk",
    "Wine_Description": "",
    "promotion": "2+1 Gratis",
    "Alcohol_percentage": "13",
    "Volume": "0.750l",
    "Type_of_Cap": "Diam",
    "Type_of_wine": "droog",
    "Color": "Rosé",
    "Type_of_Box": "Karton",
    "Millésime": null
  }
]